2700 4830
482 126 493 154 Ι

213 264 276 389 rso
357 252 790 409 nemorosum
812 305 931 375 sacr.
944 304 1009 376 111.
1029 308 1122 377 cnr.
1135 309 1164 375 r.

215 476 304 546 solet
320 476 500 541 accedere:
523 487 561 540 vt
585 479 734 561 proinde
763 481 924 542 res-id-e'n
936 525 947 558 ,
970 470 1153 553 bin-iton,
1178 475 1306 567 vulgo,

211 587 409 669 peruenire,
432 588 565 664 videre,
586 589 726 671 proprie
747 588 790 650 sit
810 589 902 651 actio
930 587 1159 670 peruentionis
1180 606 1285 672 prae·

213 696 355 774 teritae,
382 698 434 758 vel
464 691 658 781 perfectae,
689 699 780 759 actio
809 699 949 762 visionis
974 686 1198 780 praeteritae,
1228 696 1286 761 vel
1334 736 1338 745 ·

213 802 396 888 perfectae.
421 806 485 868 Hic
505 801 692 868 infinitiuus
714 792 871 870 Persicus
893 821 1010 871 exacte
1029 809 1192 882 conuenit
1207 827 1287 871 oum

211 917 438 989 Germanico:
462 919 571 985 tonn-
559 934 629 995 -to,
650 916 710 993 iti)
713 933 768 982 tn
759 886 929 1002 ‚venire,
952 918 1080 980 videre.
1112 916 1157 978 Et
1174 915 1285 980 mfinr

212 1025 276 1087 tiui
301 1025 495 1091 Germanici
518 1045 576 1089 cur
601 1025 741 1091 omnino
769 1026 982 1089 substantioe
1005 1028 1095 1102 sint,
1120 1039 1156 1089 vt
1185 1047 1296 1111 supra·

210 1134 429 1213 monuimus,
454 1154 495 1196 ex
516 1132 568 1195 his
591 1131 733 1195 fortasse
760 1145 854 1215 patet
876 1133 1012 1199 clarius

308 1239 476 1306 Infinitiui
504 1240 724 1305 formaticum
748 1232 980 1323 Lapponicum
1007 1257 1058 1308 est
1081 1242 1283 1328 syllabicum

143 1345 153 1371 s
211 1362 264 1427 et,
289 1351 515 1442 pronuntiatu
542 1350 730 1412 intensiore
760 1346 838 1427 e'dt,
863 1349 1082 1418 lenioreed:
1104 1373 1285 1417 commune

23 1482 32 1493 ·
212 1478 290 1522 cum
313 1462 472 1551 gentibus
493 1458 659 1535 Slauicis,
680 1468 814 1520 tantum
839 1449 950 1525 vocali
971 1465 1143 1527 variante·
1132 1453 1288 1551 ‚procul

212 1563 316 1627 dubio
339 1577 373 1626 et
395 1561 460 1626 hoc
489 1563 532 1626 de
560 1562 679 1647 lingua
701 1564 907 1651 primigenia
929 1579 997 1633 tam
1025 1568 1092 1630 late
1113 1589 1285 1656 propaga-

215 1692 302 1742 tum.
335 1676 374 1743 Id
400 1699 466 1767 ego
492 1680 535 1743 de
556 1681 676 1744 eadem
697 1681 872 1760 primitiua
892 1682 1006 1745 radice
1033 1691 1169 1758 reputo
1192 1699 1284 1757 esse,

139 1830 142 1837 -
212 1791 329 1895 eaflem
352 1802 387 1853 et
407 1791 574 1857 notione:
599 1807 689 1870 quae
711 1791 831 1868 nobis,
855 1790 967 1853 vocali
989 1789 1197 1871 praemissa,
1214 1786 1284 1851 ior-

210 1913 285 1977 mat
302 1901 525 1982 praeteritum
548 1899 728 1960 secundum
740 1944 752 1974 ,
765 1913 799 1976 et
811 1946 822 1977 ‚
836 1914 882 1962 ot.
906 1898 1064 1961 Nominis
1083 1896 1180 1959 valor
1203 1911 1282 1985 apte

179 2009 342 2089 raecedit
362 2004 543 2070 infinitiuis
566 2007 637 2070 eius
659 2005 904 2094 significatione
924 2004 1037 2069 forma
1055 2007 1205 2068 nominis
1226 2025 1283 2069 ex-

210 2130 328 2201 pressa
342 2162 353 2193 ,
380 2117 567 2197 perfectio,
598 2119 786 2193 absolutio,
811 2104 1039 2186 consumatio;
1064 2130 1099 2177 vt
1118 2119 1192 2178 tuid
1202 2158 1215 2168 -
1226 2131 1259 2178 et
1270 2110 1296 2192 s

141 2232 144 2237 '
212 2227 318 2302 scire,
343 2226 522 2305 trubm-et,
544 2225 702 2307 pulsare,
726 2229 826 2302 elec,
850 2227 986 2304 viuere,
1016 2239 1180 2302 menn-et,
1210 2225 1283 2303 ire,

197 2334 357 2420 'genuine
386 2334 524 2397 reddita
555 2332 640 2398 haec
670 2335 830 2399 valeant:
863 2334 1053 2417 perfectio,
1085 2334 1282 2413 absolutio,

199 2443 453 2519 ‘consumatio,
476 2444 512 2506 id
533 2456 607 2524 est,
631 2447 720 2508 actio
746 2445 901 2522 sciendi,
926 2443 1107 2527 pulsandi,
1122 2444 1258 2507 viuendi
1271 2490 1283 2521 ,

97 2612 101 2621 .
126 2618 130 2631 ,
209 2555 326 2617 eundi.
350 2553 548 2642 Congruunt
570 2552 729 2618 infinitiui
755 2555 942 2636 Lapponici
957 2538 1035 2616 cuin
1057 2555 1182 2617 nostris
1207 2556 1284 2617 subs

132 2692 142 2713 ι
210 2662 367 2728 stantiuis
398 2662 588 2740 absolutis,
622 2665 664 2726 de
691 2663 802 2727 verbis
833 2663 956 2725 eodem
978 2675 1069 2727 certe
1096 2661 1281 2726 formatiuo

208 2775 315 2839 natis:
331 2777 517 2858 steret-et,
539 2791 636 2833 amor
646 2795 658 2854 3
676 2771 842 2855 'lresztilet
852 2819 864 2853 ,
892 2783 1100 2853 apparatus3
1123 2774 1281 2856 ultor-ut,

137 2876 141 2917 ἶ
207 2883 390 2956 voluntem
414 2885 584 2957 indul-ot,
608 2894 731 2944 motus.

303 2993 400 3058 Idem
411 2990 631 3054 formaticum
639 2999 655 3068 ¹,
676 2990 735 3053 sed
750 2985 941 3076 praefixum
954 2991 1126 3054 radicibus
1141 2997 1188 3074 ,τῇ
1203 2970 1286 3075 (ti),

113 3102 125 3195 J
205 3106 348 3179 facitet
367 3105 533 3168 Hebraeis
556 3105 720 3180 nomina,
751 3087 827 3166 cum
851 3107 992 3167 notione
1014 3107 1160 3170 actionis
1185 3107 1285 3170 abso-

208 3214 320 3291 lutae3
342 3225 378 3275 vt
400 3224 496 3274 tanto
517 3213 562 3274 sit
580 3213 771 3275 euidentius
800 3226 834 3275 et
861 3214 1080 3296 Lapponum
1093 3211 1281 3290 infinitiuo's

206 3324 353 3388 nomina
380 3321 504 3384 valere.
529 3322 629 3390 tar-*tri
655 3317 824 3417 (tiled),
847 3323 1082 3403 exspectatio,
1107 3323 1150 3385 de
1176 3323 1280 3384 verbo

205 3434 282 3502 m7
306 3433 468 3516 (tuna),
499 3393 731 3514 exspectaoitt
764 3423 850 3516 ‘stu
859 3444 885 3499 ii
907 3433 1111 3519 (tagmril),
1135 3435 1281 3499 retribu-
1325 3411 1329 3432 ¹

197 3506 284 3624 tio,
306 3547 349 3608 de
369 3547 473 3608 verbo
497 3535 575 3616 ‘am
600 3542 770 3633 (grimal)
792 3509 962 3610 retribuit.

104 3639 109 3645 ’
306 3661 389 3732 His,
413 3673 450 3722 vt
472 3661 620 3742 opinor,
644 3663 712 3722 iam
736 3663 817 3722 satis
840 3661 1085 3741 probabimus,
1103 3640 1144 3722 et
1157 3655 1282 3722 forma

191 3769 281 3842 ,tina
296 3769 539 3835 infinitiuorum
558 3768 785 3857 significantia
807 3786 903 3844 esse,
925 3773 960 3830 et
976 3771 1071 3851 ipsos
1092 3761 1282 3833 infinitiuo‘s

204 3876 257 3942 his
283 3880 473 3965 augmentis
493 3878 633 3941 nomina
654 3888 827 3959 praestare
843 3875 1004 3941 verbalia.
1069 3932 1080 3941 ..
1186 3864 1201 3887 ⁸

307 3983 380 4073 (a)
403 3982 569 4057 Infinitiui
586 3987 790 4062 constructi,
811 3999 947 4067 praeter
966 3999 1123 4067 apertam
1139 3964 1279 4050 demon-

207 4097 407 4161 strationem
432 4112 681 4177 personarum,
715 4097 759 4159 ad
792 4116 873 4178 quas
902 4095 1117 4185 referuntur,
1149 4097 1279 4160 babent

207 4207 313 4281 etiam
342 4203 529 4295 elegantias
565 4202 771 4292 singulares:
804 4194 925 4289 quae,
942 4211 1116 4273 concinnis
1138 4205 1276 4270 Latino-
