2700 4830
215 335 275 405 sn
359 319 675 385 strumosus
689 279 731 387 r.
745 318 907 421 nster.
921 318 984 383 111.
999 318 1090 387 err.
1104 319 1148 384 11.

234 548 237 553 4
296 450 397 552 ldem
417 488 553 567 verbum
566 535 577 565 ,
597 489 668 550 sine
691 486 819 565 halitu,
844 484 970 577 habent
996 500 1030 549 et
1053 487 1204 557 Tureae:
1229 499 1278 575 ol,

110 570 119 589 1
158 672 165 685 .
208 602 302 675 mul,
325 617 417 671 esse,
440 594 538 673 fieri;
570 572 1198 689 resecto*infinitiuisprrnatiuomad,
1224 622 1281 665 re«

207 710 323 770 stitura
340 707 439 791 radix
456 711 492 767 ol
505 724 642 787 prorsus
665 706 782 767 eadem
804 718 855 767 est
866 753 877 784 ,
898 727 982 787 quae
1004 706 1216 787 Fennorum,
1240 724 1277 774 et

205 814 403 899 Esthonum.
427 816 510 877 Vide
532 812 712 876 Meninskii
731 812 963 879 Institutiones
981 815 1079 902 Liug.
1093 820 1269 885 Tureicae.

299 930 407 1002 Atque
427 920 476 983 his
500 937 582 1002 puto
605 940 660 982 me
681 924 761 983 satis
783 922 975 1011 expeditam
990 925 1191 991 reddidisse
1212 948 1271 992 eo·

202 1048 276 1097 rum
298 1035 484 1119 rationem,
508 1048 591 1111 qnae
615 1030 749 1091 diuersa
776 1046 955 1094 occurrunt
976 1034 1010 1096 in
1032 1037 1145 1104 nostro
1162 1037 1268 1103 verbo

202 1140 440 1205 substantiae:
465 1126 588 1220 duplex
608 1157 729 1218 nempe
751 1139 847 1201 radix
870 1164 978 1229 vegs,
1010 1158 1042 1204 ct
1064 1147 1142 1222 vol,
1165 1120 1265 1228 atdue

202 1251 285 1317 haec
310 1252 453 1314 secunda
477 1251 616 1312 obscura
636 1249 741 1311 etiam
763 1250 894 1326 vocali,
919 1258 992 1324 ναῖς
1017 1267 1074 1330 et,
1097 1274 1181 1336 quae
1204 1254 1265 1319 ho·

202 1364 257 1426 die
273 1378 469 1441 usurpamus
489 1356 585 1421 huius
599 1359 690 1421 verbi
709 1370 890 1440 tempora,
907 1383 947 1425 ea
969 1366 1010 1424 de
1031 1365 1172 1427 diuersis
1192 1366 1264 1428 istis

201 1469 369 1555 radicibus
389 1471 431 1533 ad
452 1488 512 1530 nos
536 1487 607 1529 esse
629 1458 842 1559 propagata,
868 1484 901 1532 et
928 1484 1045 1534 nostra
1072 1470 1169 1554 plane
1197 1470 1263 1535 for·

200 1581 347 1644 mationc
366 1575 534 1673 regulari3
557 1591 698 1658 excepta
722 1583 905 1661 praesentis
927 1585 1109 1684 temporis,
1137 1586 1259 1691 tertia,

199 1705 235 1754 et
255 1688 397 1753 secunda
416 1706 559 1768 persona
578 1686 753 1772 singulari.

295 1797 389 1881 Quae
412 1795 533 1856 desunt
558 1790 658 1856 hodie
680 1808 797 1859 nostro
821 1798 926 1860 verbo
954 1796 1188 1890 substantiae,
1210 1796 1262 1865 fu-

23 1906 53 1927 “·
93 1964 96 1969 .
196 1920 307 1971 turum
337 1924 479 1987 nempe,
509 1904 631 1966 deinde
662 1905 908 1989 irnperatiuus,
930 1919 963 1967 et
988 1904 1195 1971 infinitiuus:
1219 1927 1260 1971 ea

98 1998 115 2007 μ
197 2017 278 2079 olim
300 2025 390 2076 certe
409 2014 442 2074 in
462 2023 581 2074 neutra
600 2012 670 2074 eius
691 2010 804 2105 forma
826 2011 1012 2080 defuerunt.
1043 2015 1084 2079 Id
1102 2016 1256 2079 obserua-

196 2147 233 2191 re
251 2143 429 2195 monemur
447 2135 514 2186 tam
536 2125 570 2184 in
590 2145 695 2207 augy,
711 2122 865 2205 exernplo
888 2124 1112 2205 Lappon'um,
1131 2137 1164 2186 et
1177 2126 1255 2188 Vot-
1279 2128 1282 2133 '

193 2235 367 2316 jakorum3
389 2228 489 2314 cluam
515 2233 615 2294 etiam
638 2234 671 2294 in
694 2235 768 2309 vul,
802 2231 957 2336 exemplo
982 2236 1196 2311 Fennorum,
1217 2246 1252 2296 et

192 2342 389 2409 Esthonum.
425 2344 486 2406 His
508 2357 541 2405 et
559 2343 678 2405 nostri
675 2344 853 2418 maiores,
876 2332 988 2406 aetate
1005 2322 1253 2423 remotissima,

194 2443 343 2518 sancita
364 2468 455 2517 sunt
451 2454 529 2530 vsi,
550 2452 698 2515 variante
722 2452 889 2527 dialecto,
913 2450 1115 2515 formatione
1136 2471 1252 2533 perso-

191 2580 310 2626 narum
341 2560 492 2646 diuersa,
522 2578 607 2640 quae
641 2577 793 2621 successu
821 2570 1011 2640 temporum
1040 2547 1169 2624 mutata
1192 2538 1253 2625 est.

77 2700 81 2707 ·
141 2666 144 2671 ’
190 2668 286 2741 Hane
305 2672 547 2748 mutationem
563 2689 597 2731 m
615 2687 857 2749 pronominum
876 2668 1161 2733 euolutronesatrs
1175 2691 1254 2753 pro

138 2777 140 2780 ’
177 2752 328 2857 1Βαῑεὶηι,
355 2792 476 2895 atque
473 2776 528 2841 lnc
557 2780 660 2840 etiam
690 2776 807 2859 aliqua
835 2790 929 2858 parte
952 2793 1197 2856 memoratam,
1221 2783 1251 2844 si

191 2892 352 2956 attentius
372 2900 578 2972 spectemus:
602 2906 670 2950 non
683 2868 823 2971 fiotum,
838 2888 894 2950 sed
917 2888 997 2950 olim
1011 2908 1126 2952 verum
1142 2892 1251 2953 omni·

32 3012 35 3023 '
127 3034 130 3039 ·
187 3022 236 3067 no
254 3001 358 3065 fuisse
379 2999 582 3082 reperiemus
600 2998 820 3083 paradigma3
843 3017 909 3078 quo
935 2998 1183 3079 Gyarmathius
1190 2997 1250 3063 hu

184 3116 237 3177 ius
259 3112 353 3175 verbi
373 3123 545 3191 tempora,
570 3110 689 3190 quibus
709 3106 813 3168 hodie
833 3104 981 3184 deficit,e
994 3110 1035 3171 ad
1057 3111 1249 3195 exemplum

185 3220 403 3285 Esthonicum
424 3221 597 3282 restituere
619 3231 758 3281 conatus
778 3230 828 3281 est
852 3216 866 3299 (
875 3242 952 3301 pag.
968 3234 1032 3302 138·
1045 3222 1072 3307 ).
1097 3222 1248 3301 Deinde,

184 3344 326 3411 utraque
347 3327 443 3391 huius
468 3328 567 3389 Verbi
589 3327 724 3403 radice,
746 3349 853 3409 vagy,
878 3343 911 3389 et
931 3332 1005 3402 val,
1028 3310 1250 3391 elare'cuolu-

184 3454 244 3515 ta,
273 3458 381 3520 neque
403 3458 442 3501 eo
464 3437 553 3500 lacto
577 3457 636 3500 suo
658 3436 864 3515 chimaeras,
897 3449 931 3497 et
952 3439 1104 3514 somnia,
1134 3438 1248 3500 obtru-

41 3608 53 3615 .
106 3618 113 3622 ,
185 3551 265 3612 dere
295 3536 463 3630 putandus
493 3561 542 3608 est
572 3546 629 3608 Vir
663 3542 875 3607 Clarissimus
890 3539 903 3600 τ’
923 3546 1024 3631 qnod
1038 3547 1078 3608 de
1102 3557 1244 3627 utraque

182 3658 373 3747 regularem
402 3656 605 3732 deduxerit,
634 3667 850 3734 temporum,
873 3667 907 3717 et
932 3673 1150 3737 personarum
1178 3653 1246 3719 for·

183 3771 372 3832 mationem
392 3764 489 3850 (pag.
508 3769 599 3848 39..)
622 3765 669 3826 Ea
689 3763 907 3829 nihilominus
925 3779 1009 3846 puto
1022 3787 1076 3829 me
1095 3767 1244 3831 exactius
1298 3766 1303 3777 '

162 3882 371 3953 indicasse,
396 3876 524 3951 ethic,
548 3878 632 3939 etin
656 3878 893 3959 pronominum
916 3878 1133 3943 euolutione.
1159 3882 1244 3959 quae

180 4007 358 4071 utrumque
385 3983 451 4058 hoe
479 3987 677 4072 paradigma
706 3988 850 4063 genuine
868 3990 1029 4051 reducant
1050 3990 1090 4052 ad
1114 4007 1253 4073 moremx

143 4174 146 4181 ¹
178 4112 332 4165 nostrum
345 4144 355 4172 ,
368 4109 401 4158 et
418 4099 589 4158 antiounm
603 4140 612 4170 ‚
627 4111 658 4157 et
673 4100 819 4160 medium
834 4117 844 4179 3
857 4118 899 4161 ex
919 4116 986 4180 quo
1009 4109 1127 4181 postea
1138 4108 1246 4157 trans·

179 4203 244 4277 itus
265 4207 373 4274 factus
391 4207 503 4297 estad
519 4204 735 4271 hodiernum.
