2700 4830
123 330 210 418 1002'
267 341 502 410 vrumcnn
523 336 584 403 nn
599 288 693 402 ¹'sno
717 335 847 430 unna.
873 302 1065 400 nonnul·

1 581 4 588 ,
122 462 233 592 vnica
257 530 403 587 tantum
422 531 600 606 persona;
626 505 831 611 subiectum
856 529 1013 602 nempe,
1038 522 1077 576 et
1098 503 1204 580 obie-

124 663 247 734 ctum,
279 639 395 713 verbo
420 652 654 719 concretum
683 620 838 707 uerbum
865 636 1030 717 scilicet,
1058 636 1205 709 accusa·

126 780 223 849 tiuus
246 788 377 868 postea
398 792 580 864 personae
603 764 810 854 secundae,
836 788 884 835 ac
905 766 1058 839 demum
1080 770 1205 838 nomi·

127 907 272 978 natiuus
299 920 479 996 personae
496 897 668 997 primae,
696 896 731 963 in
759 915 875 963 vnam
896 918 1032 967 vocem
1058 911 1204 967 contra·

129 1029 442 1130 ctu,szeret·l·ek
454 1023 712 1120 ,secrete-led
723 1071 737 1106 ,
748 1023 1031 1122 sacrat-eled,
1039 1001 1206 1122 sacresc-

129 1144 246 1246 M,
269 1149 554 1246 secretae-leh,
578 1149 908 1248 sarcienti-olel.
945 1145 1017 1246 Egi
1042 1149 1089 1218 de
1117 1147 1212 1237 hoc,

31 1330 39 1345 ι
130 1310 242 1386 qnam
266 1278 373 1379 potui
397 1280 621 1368 clarissime,
647 1280 738 1351 locis
761 1280 833 1348 suis
859 1273 968 1377 (pag.
989 1273 1082 1370 326.
1104 1277 1205 1348 dein-

132 1420 180 1490 de
200 1413 275 1484 626
288 1460 302 1495 ,
323 1433 420 1505 971,
447 1424 483 1479 ct
507 1401 647 1509 seqq.).
678 1407 749 1493 Sed
776 1405 882 1477 huius
906 1408 999 1475 ratio
1024 1420 1110 1485 tota
1137 1404 1207 1478 alia

131 1559 210 1619 est:
233 1541 353 1612 forma
377 1543 490 1610 etiam
512 1532 679 1626 diuersa,
700 1537 987 1608 indeterminata
1010 1560 1151 1633 nempe
1175 1542 1209 1608 in

131 1677 178 1750 ek
204 1673 396 1760 desinens,
421 1692 497 1743 non
516 1691 605 1772 vcro
631 1669 886 1739 determinata.
912 1668 1049 1741 llludat
1071 1664 1208 1740 Verse-

7 1884 12 1892 ,
133 1811 213 1903 gius
242 1826 344 1885 more
372 1825 438 1874 suo
466 1816 504 1875 et
536 1799 641 1872 huius
670 1797 946 1895 explanationi:
979 1778 1051 1894 ego
1079 1815 1206 1872 tamen
1231 1861 1235 1867 .

132 1931 422 2045 intelligentibus
444 1916 579 2024 loq‘uor
598 1927 771 2015 fundate,
793 1923 960 1998 adductis
984 1926 1215 2023 probationi-

13 2118 17 2125 .
133 2056 205 2136 bus
235 2056 422 2158 copiosis,
450 2082 525 2129 non
553 2072 744 2129 contentus
780 2056 878 2128 nuda
907 2062 1133 2151 assertione,
1172 2075 1210 2132 et
1257 2110 1261 2127 .

136 2194 197 2267 illa
217 2190 454 2286 praesertim,
480 2188 696 2280 temerarie,
721 2202 758 2259 et
781 2162 1122 2280 impertientem(

237 2298 377 2392 Verum
408 2298 481 2390 alia
517 2323 679 2407 instant,
717 2336 759 2392 vt
796 2323 869 2396 ista
902 2323 977 2394 iam
1013 2321 1214 2406 sufficiant.

134 2449 406 2523 Praetermissis
435 2445 753 2520 terminationibus
785 2448 864 2521 aliis
895 2447 955 2520 hlc
983 2474 1053 2549 ego
1088 2454 1251 2527 solum,

121 2605 243 2653 *sumo
265 2577 563 2672 terminationem
586 2582 622 2650 in
648 2605 694 2654 m.
727 2575 822 2650 Cum
847 2579 938 2680 haec
959 2597 1102 2655 tanturn
1128 2609 1216 2681 per,

136 2729 268 2779 sonam
298 2707 455 2777 indicet:
487 2704 574 2802 quid
602 2706 780 2801 impedit,
812 2710 897 2802 quin
927 2709 1085 2799 eadem,
1118 2715 1211 2783 sicut

136 2833 176 2908 in
200 2833 320 2907 verbis
346 2834 622 2922 determinatis,
643 2837 694 2906 ita
717 2839 751 2905 in
775 2838 855 2908 aliis
875 2812 989 2912 etiarn
1011 2831 1209 2924 distinctae

134 2966 328 3062 analogiae
359 2959 480 3036 verbis
508 2963 644 3036 formet
676 2964 813 3062 pariter
844 2986 1040 3067 personam
1068 2974 1214 3044 dumta-

11 3074 16 3079 ’
130 3092 223 3163 xat?
256 3088 342 3162 Hoc
374 3091 524 3186 quidem
550 3095 600 3163 sic
631 3096 705 3164 iam
735 3088 838 3166 venit
868 3102 905 3170 in
931 3122 1037 3170 vsum
1064 3104 1213 3199 linguae

132 3232 282 3319 nostrae
301 3218 343 3285 in
368 3213 567 3312 praeterito
596 3221 779 3294 secundo:
803 3227 918 3295 lzrizat
938 3241 1108 3315 vectem,
1133 3231 1213 3325 'pla-

127 3371 199 3444 ne,
240 3370 304 3418 seu
337 3346 621 3420 indeterminate
659 3351 818 3429 dictumt
858 3353 989 3425 deinde
1014 3354 1063 3425 'a'
1096 3359 1213 3455 heizet

33 3458 36 3465 .
114 3470 358 3577 ,megvettem
380 3480 456 3551 lam
480 3477 751 3569 demonstrate,
779 3507 842 3552 seu
864 3483 1109 3557 determinate
1126 3510 1212 3582 pro·

133 3610 265 3681 latum.
294 3608 355 3679 Sic
377 3633 464 3681 vsus
488 3608 643 3683 inuoluit
667 3590 882 3687 extensione
907 3616 1022 3686 multo
1046 3598 1214 3703 maiore,

129 3759 197 3832 per
220 3736 360 3806 omnia
369 3751 563 3832 tempora,
589 3738 624 3807 in
645 3738 779 3813 verbis
784 3739 823 3809 ak
836 3743 1057 3833 pronomine
1072 3739 1212 3847 auctis:

131 3867 408 3965 gondolkodom
423 3916 438 3952 ,
456 3870 754 3962 gondolhodrim,
776 3874 904 3969 gundo
907 3873 1098 3961 lkodtom,
1120 3896 1216 3974 gon·

127 3996 351 4091 dolkodjam
362 4039 374 4076 ,
394 3998 725 4096 gondolkodncim,
749 3995 896 4100 gondol
882 4005 1108 4077 lkodundom
1122 4029 1214 4079 ezen

135 4122 330 4219 tlologr613
369 4120 718 4223 megmenekedem,
746 4137 1078 4230 magmenckedem,
1118 4163 1216 4234 meg·

137 4253 417 4343 menekedtem,
457 4260 820 4354 magmenekedsem,
848 4263 1216 4361 megmcnekedne'm,

16 4398 112 4542 ,Ι
143 4383 580 4509 megmenckedmdcma
601 4396 700 4491 na'gy
672 4383 925 4491 >gottorum
