2700 4830
15 333 197 465 988
235 274 551 404 urnosorasus
572 301 673 367 snos
681 277 812 362 uuus
836 274 1015 411 nortun.

71 458 145 567 ita
170 487 404 564 tumeamus,
436 491 480 547 vt
503 475 674 607 antiquos
696 461 955 569 despiciendos
982 487 1229 582 putemus
1239 543 1242 548 .

92 621 183 695 Erat
221 628 259 686 et
289 607 450 703 antiquis
487 628 554 680 sua
588 602 771 689 eruditio,
809 586 955 705 solida,
992 605 1176 697 copiosa,
1247 690 1252 697 Ι

80 744 270 844 ,elegans'z
291 742 455 839 linguam
475 731 626 830 quidem
652 733 843 828 patriam,
869 729 1112 826 etpenitius,
1138 746 1176 803 ot
1241 770 1246 781 ι

95 877 268 950 sincerius
308 877 503 943 nonerunt.
560 859 647 932 Non
681 848 887 959 *possumus
922 860 1193 934 admiratione·

97 1030 174 1093 non
192 989 314 1089 affici:
340 997 370 1068 si
392 992 609 1080 videamus,
631 1013 741 1087 quam
765 993 825 1082 isti
846 991 1076 1066 excellenter
1090 994 1176 1064 scri.

89 1133 237 1263 pserint
265 1129 312 1201 de
346 1106 459 1199 rebus
485 1121 641 1210 diuinis,
674 1136 712 1193 et
742 1122 834 1193 inter
862 1142 920 1191 res
953 1113 1102 1195 diuinas
1132 1122 1179 1195 de
1209 1141 1212 1148 ·

97 1249 209 1353 rebus
242 1262 358 1331 etiam
380 1249 571 1350 profanis3
602 1246 640 1319 et
662 1245 829 1321 nonnulli
853 1246 984 1320 horum
998 1295 1013 1332 ,
1044 1249 1182 1323 relictis

42 1428 43 1435 ι
99 1395 255 1480 diuinis,
291 1388 339 1460 de
372 1380 539 1485 profanis
572 1395 739 1480 tantum,
776 1380 915 1454 selecta
938 1379 994 1485 ad
1029 1380 1182 1461 libitum

23 1522 27 1529 ⁴
89 1497 273 1623 materia.
309 1518 360 1591 Hi
379 1517 427 1590 ab
456 1528 577 1587 aetate
600 1526 726 1584 nostra
746 1480 1067 1609 alterandum,
1076 1511 1183 1585 annis

38 1653 294 1739 ¹Jducentis,
314 1646 511 1734 tercentis,
530 1657 570 1716 et
588 1664 708 1740 prope
729 1635 1022 1746 quadringentis
1049 1636 1182 1717 Sermo

101 1771 306 1866 Funebris,
331 1776 556 1851 rarissimum
576 1764 809 1844 venerandae
835 1775 1081 1870 Antiquitatis
1099 1799 1181 1848 mo-

102 1926 342 2002 numentum,
366 1919 504 2002 aequat
528 1924 645 1973 annos
669 1894 874 1986 sexcentos.

211 2033 301 2106 Sed
306 2028 550 2156 concedamus
569 2026 768 2102 liberaliter
793 2028 1000 2128 Versegio:
1020 2000 1187 2106 formam

42 2244 46 2253 ,
106 2161 329 2249 verborum,
366 2180 479 2253 quam
505 2178 573 2226 nos
598 2179 897 2258 propugnamus,
933 2159 971 2230 in
1001 2163 1190 2258 principio

48 2300 51 2305 ’
99 2314 179 2379 nou
197 2287 310 2360 fuisse
331 2268 564 2385 distinctam
585 2283 671 2385 loge
691 2286 966 2383 simplicissima
988 2304 1190 2387 utramque

106 2416 306 2515 verborum
328 2416 515 2512 speciem,
542 2430 580 2487 et
604 2414 723 2505 nuda,
752 2433 789 2487 et
810 2421 917 2491 aucta
941 2419 1087 2510 radice,
1119 2446 1191 2518 pa,

106 2547 193 2618 riter
225 2530 402 2619 inflexam
436 2544 550 2618 fuisse
582 2545 783 2641 secundum
813 2546 973 2620 formam
1010 2555 1210 2642 vnisam,.

8 2743 31 2772 „
102 2688 151 2747 'vt
170 2669 284 2772 hodie
305 2697 509 2769 vocamus,
538 2646 859 2751 indeterminatam
881 2677 1040 2771 primam
1064 2675 1192 2751 radice

5 2784 10 2793 ⁴
107 2795 234 2889 nu'da3
266 2801 427 2871 alteram
443 2824 571 2871 eorum
598 2795 769 2896 speciem
787 2799 909 2875 radice
940 2816 1050 2873 aucta
1078 2805 1194 2874 serius

107 2929 305 3032 deflexisse
325 2927 372 3001 ab
398 2927 467 3002 hac
483 2930 608 3002 forma
633 2932 681 3004 ad
703 2933 815 3004 aliam
837 2905 1045 3006 distinotam
1060 2988 1074 3024 ,
1091 2932 1196 3006 illius
1244 3005 1248 3012 .

106 3055 246 3135 iudicio
276 3038 498 3156 corruptam.
531 3060 613 3133 Hoc
633 3063 754 3139 solum
777 3059 927 3143 iure'ab
956 3069 1040 3160 ipso
1069 3068 1192 3160 posci·
1235 3114 1237 3119 -

16 3237 19 3242 -
107 3215 214 3264 mus:
236 3204 278 3264 vt
298 3189 407 3263 huius
425 3195 642 3264 mutationis
663 3168 741 3264 tarn
764 3191 1014 3295 memorabilis
1040 3181 1195 3291 tempus

12 3365 15 3369 -
105 3321 275 3423 defigat,
301 3317 413 3420 quam
432 3324 506 3396 late
524 3323 644 3403 volet,
658 3317 791 3425 'Probe
806 3329 903 3398 enim
919 3328 1093 3398 nouimus
1107 3350 1194 3398 eam

32 3460 36 3467 ’
109 3475 189 3545 non
209 3457 378 3548 potuisse
400 3470 553 3552 repente
578 3456 679 3527 fieri:
705 3456 803 3529 lente
824 3454 1002 3554 processit
1030 3480 1099 3553 per
1121 3458 1192 3530 ali.

10 3586 45 3670 ’,’
105 3587 200 3679 quot
222 3584 364 3670 secula,
390 3583 604 3657 subactione
620 3609 696 3660 non
714 3585 827 3664 facili.
854 3585 939 3684 Ego
952 3584 1024 3659 hoc
1036 3603 1193 3685 tempus

106 3686 216 3779 turno
254 3686 434 3805 apprime¹
458 3726 678 3802 extensum,
717 3728 754 3784 et
790 3737 924 3811 promo
960 3713 1194 3814 obseruatio·¹
1232 3788 1236 3793 .

106 3860 195 3928 nes,
228 3864 317 3936 quas
354 3841 513 3936 prudens
538 3845 772 3942 inuestigatis
804 3845 902 3917 vltro
930 3842 1027 3919 sistit
1057 3846 1197 3944 cuique
1243 3842 1246 3848 ’

85 3968 160 4055 ’ψει
181 3966 263 4062 ipso
286 3968 339 4036 rei
364 3985 469 4038 eursu
490 3972 658 4042 naturali.

219 4094 322 4166 Slaui
339 4098 530 4196 magistri,
554 4105 831 4219 comparatione¹
851 4127 934 4176 cum
949 4097 1079 4176 ceteris
1096 4101 1195 4177 facta

117 4241 213 4304 certe
233 4229 365 4330 pauci,
393 4255 469 4351 ιιοιι
487 4250 660 4335 poterant
683 4262 811 4332 secus,
832 4240 904 4333 nisi
923 4232 1134 4332 veneficiis,
1157 4251 1197 4312 et
