2700 4830
221 273 281 402 ω
365 277 737 386 nurnoroerar'n
751 317 779 383 1
782 317 1154 386 recurrentur

115 562 127 586 l
240 546 243 551 ,
309 487 403 550 Idem
423 486 674 567 verbum,s1ne
697 485 825 564 halitu,
850 483 976 549 habent
1002 500 1036 549 et
1059 487 1211 557 Turoae.
1235 499 1285 577 ol,

164 669 172 682 ς
214 600 307 672 mols,
331 615 423 669 esse,
446 592 544 671 fieri;
576 607 705 657 resecto
727 593 1205 689 infirritiuisorrnatiuomulr,
1230 622 1287 666 re«

213 707 329 767 stituta
346 705 445 787 radix
462 707 498 765 ol
511 722 648 785 prorsus
671 705 788 766 eadem
810 717 883 783 est,
904 726 988 787 quae
1010 678 1222 805 Fennorum,
1246 724 1283 773 et
1321 760 1323 765 .

211 812 409 878 Esthonum.
433 814 516 875 Vide
538 811 718 875 Meninskii
737 811 969 878 Institutiones
987 815 1085 902 Ling.
1099 794 1277 886 Turcicae.

305 925 413 1000 Atque
433 918 482 981 his
506 935 588 1000 puto
611 923 767 982 mesatis
779 921 981 1013 expeditam
996 924 1197 999 reddidisse
1219 949 1277 993 eo

208 1044 282 1095 rum
304 1032 490 1117 rationem,
514 1046 597 1109 qnae
621 1028 755 1090 diuersa
782 1045 960 1093 occurrunt
978 1034 1015 1095 in
1038 1036 1274 1103 nostroverbo

208 1138 446 1202 substantiuo:
471 1124 594 1218 duplex
614 1156 735 1216 nempe
757 1138 853 1200 radix
875 1163 985 1229 υαὸγξ
1015 1157 1048 1203 et
1069 1146 1127 1207 vul
1136 1190 1148 1222 ,
1171 1120 1272 1228 atoue

208 1249 291 1315 haec
316 1249 459 1313 secunda
483 1249 622 1310 obscura
643 1247 746 1309 etiam
768 1249 900 1325 vocali,
924 1257 998 1324 vol;
1023 1265 1080 1329 et,
1103 1274 1187 1336 quae
1210 1254 1271 1320 ho·

192 1361 262 1439 ⁸die
278 1376 475 1440 usurpamus
495 1354 592 1419 huius
604 1357 696 1419 verbi
715 1369 896 1440 tempora,
912 1381 953 1424 ea
975 1365 1016 1423 de
1037 1365 1206 1427 diuersis
1198 1367 1270 1428 istis

206 1467 374 1553 radicibus
395 1469 437 1531 ad
458 1485 518 1528 nos
542 1485 613 1528 esse
635 1456 847 1558 propagata,
874 1483 907 1531 et
934 1483 1050 1533 nostra
1078 1469 1184 1553 piane
1203 1470 1269 1535 for·

205 1579 353 1641 matione
373 1574 539 1671 regulari3
563 1588 704 1656 excepta
728 1583 911 1659 praesentis
933 1584 1114 1683 temporis,
1143 1585 1264 1656 tertia,

205 1703 241 1752 et
261 1686 403 1751 secunda
422 1704 564 1766 persona
584 1685 759 1781 singulari.
860 1754 864 1761 ,
885 1762 889 1767 ,

300 1795 394 1878 Quae
418 1793 539 1855 desunt
564 1789 664 1854 hodie
686 1807 803 1859 nostro
827 1796 931 1860 verbo
959 1762 1193 1890 substantioe,
1216 1797 1267 1867 fu-

24 1904 35 1911 ’
99 1962 103 1967 .
202 1919 313 1968 turum
343 1922 485 1985 nempe,
515 1902 637 1963 deiude
667 1904 913 1989 irnperatiuus,
936 1919 968 1967 et
994 1904 1198 1989 infinitiuus:
1222 1926 1263 1970 ea

203 2014 283 2076 olim
305 2023 395 2073 certe
414 2012 447 2072 in
467 2022 586 2072 neutra
606 2011 676 2072 eius
697 2008 810 2075 forma
831 2009 1016 2081 defuerunt.
1047 2014 1086 2077 Id
1105 2014 1268 2077 obserua-

201 2145 239 2188 re
257 2120 434 2193 monemur
453 2133 520 2184 tam
542 2123 575 2182 in
596 2143 701 2205 vogy,
717 2121 872 2204 exernplo
894 2123 1116 2205 Lappontrm,
1136 2136 1169 2185 et
1182 2125 1261 2188 Vot
1281 2125 1288 2135 ’

199 2232 372 2313 jakorum3
395 2226 494 2312 quam
520 2231 620 2292 etiam
643 2232 676 2292 in
699 2233 774 2308 vul,
808 2230 963 2314 exemplo
988 2234 1202 2310 Fennorum,
1222 2246 1257 2296 et

197 2340 395 2409 Esthouum.
430 2342 491 2435 His
513 2354 546 2403 et
564 2341 682 2403 nostri
680 2342 858 2416 maiorer,
882 2353 994 2405 aetate
1011 2320 1258 2425 remotissima,

199 2471 281 2516 sane
300 2440 348 2514 ita
370 2428 460 2515 sunt
456 2452 534 2529 vsi,
556 2450 704 2531 variante
727 2450 894 2526 dialecto,
919 2449 1120 2533 formatione
1141 2470 1257 2532 perso

196 2577 315 2624 narum
346 2559 497 2644 diuersa,
527 2576 612 2639 quae
646 2575 798 2619 successu
826 2568 1017 2639 temporum
1046 2571 1175 2623 mutata
1198 2571 1258 2625 est.

83 2696 89 2703 ·
143 2664 148 2669 ’
182 2665 291 2767 ⁴Hanc
310 2669 552 2746 mutationem
568 2687 602 2729 ιη
620 2685 862 2748 pronomrnum
881 2667 1075 2731 euolutione
1089 2671 1166 2732 satis
1180 2691 1259 2753 pro

194 2781 333 2855 batam,
360 2790 482 2893 atque
478 2774 533 2839 hie
563 2778 665 2838 etiam
695 2774 812 2857 aliqua
839 2789 934 2857 parte
957 2792 1202 2856 memoratam,
1226 2783 1256 2844 si

196 2890 357 2953 attentius
377 2898 583 2970 spectemus
607 2881 827 2964 nonfieturn,
843 2886 900 2948 sed
922 2887 1002 2949 olim
1016 2907 1131 2951 verum
1147 2910 1256 2953 omns
1292 2948 1296 2953 .

37 3008 40 3019 “
131 3024 137 3045 r
192 3019 241 3065 no
259 2998 363 3063 fuisse
384 3016 587 3080 reperiemus
605 2996 825 3089 paradigma,
848 3016 914 3076 quo
940 2997 1188 3078 Gyarmathrus
1194 2997 1254 3063 hu
1322 3072 1326 3076 ,

189 3113 242 3174 ius
264 3110 358 3172 verbi
377 3121 550 3188 tempora,
575 3108 694 3188 quibus
714 3104 818 3167 hodie
838 3103 986 3183 defiens
999 3109 1039 3170 ad
1062 3110 1254 3193 exemplum

190 3217 408 3282 Esthonicum
429 3217 602 3299 restituere
623 3228 763 3279 coriatus
783 3229 833 3280 est
857 3215 871 3298 (
880 3241 957 3300 pag.
973 3233 1037 3301 138
1050 3221 1076 3308 ).
1102 3221 1252 3300 Deinde,

189 3341 331 3409 utraque
352 3324 447 3389 huius
473 3326 571 3399 Verbi
593 3325 729 3402 radice,
750 3348 863 3408 vugy,
882 3341 916 3389 et
936 3306 1010 3402 val,
1032 3318 1255 3395 clare'enolu-

189 3451 248 3512 ta,
278 3457 386 3518 neque
408 3455 447 3525 eo
469 3435 558 3498 sacto
582 3456 641 3498 suo
662 3434 869 3513 chimaeras,
901 3449 935 3496 et
957 3439 1108 3514 somnia,
1138 3438 1252 3500 obtru-

46 3604 59 3613 .
112 3615 117 3619 ,
189 3548 270 3609 dere
300 3526 467 3628 putandus
497 3560 546 3635 est
577 3545 634 3607 Vir
668 3537 907 3605 Clarissimus?
928 3545 1029 3631 qnod
1042 3546 1082 3607 de
1106 3557 1267 3627 vtraque.

186 3655 377 3744 regularem
406 3654 609 3730 deduxerit,
639 3665 855 3732 temporum,
878 3666 912 3716 et
936 3673 1154 3743 personarum
1181 3653 1250 3719 for·
1314 3714 1317 3719 .

187 3768 376 3829 mationem
396 3762 493 3848 (pag.
512 3767 604 3846 39.)
627 3742 674 3824 Ea
693 3761 914 3827 nihilominus
930 3778 1013 3853 puto
1027 3762 1083 3828 me
1099 3768 1248 3839 exactius
1300 3764 1309 3779 ⁸

166 3879 375 3951 indicasse,
391 3891 432 3967 'et
452 3873 528 3967 hic,
552 3888 585 3936 et
604 3876 637 3937 in
660 3862 901 3961 pronominum
920 3866 1137 3942 euolutione:
1163 3882 1248 3959 quae

184 4004 363 4067 rtrumque
390 3981 455 4079 hoe
483 3985 681 4071 paradigma
710 3989 854 4061 ‚renuine
872 3987 1033 4050 reducant
1054 3990 1094 4051 ad
1117 4007 1257 4075 morem⁸

147 4170 151 4179 Ι
182 4109 336 4187 nostrum
350 4142 359 4170 ,
373 4107 406 4156 et
423 4096 616 4168 antinoum,
631 4109 663 4156 et
677 4098 824 4159 medium
838 4117 849 4178 3
861 4094 907 4160 ex'
923 4115 990 4179 quo
1013 4108 1131 4180 postea
1142 4108 1250 4158 trans-

184 4198 249 4272 itus
270 4204 377 4272 iaetus
396 4217 447 4271 est
455 4205 507 4295 Qad
523 4202 739 4270 hodiernum.
1165 4194 1167 4198 ’
