2700 4830
722 188 733 223 ι
770 230 773 239 t

399 324 428 419 t.
451 325 506 395 iv.
529 328 571 394 o.
593 272 864 431 marturan.
1112 346 1190 413 793·
1344 400 1348 417 .

410 495 866 574 OBmSERVATIONES

107 647 110 651 >
206 603 271 668 Cur
292 586 446 687 praesens
470 606 532 671 hoc
557 609 773 689 participium
796 598 905 689 ipsam
929 625 1000 671 esse
1022 609 1176 673 dicamus

109 713 259 777 eiusdem
282 718 447 797 temporis
468 718 605 782 tertiam
623 737 804 800 personam
824 719 1054 806 singularem:
1077 721 1176 783 indu

109 825 218 886 cimur
240 825 475 890 similitudine
482 826 744 913 participiorum
764 830 924 909 temporis
937 832 1110 912 praeteriti
1126 845 1177 894 se-

30 968 55 1002 ι,
107 935 238 1011 cundi;¹
270 951 356 1017 quac
386 955 505 1015 reuera
533 940 654 1000 tertiae
683 949 762 1001 sunt
790 957 956 1026 personae
988 932 1176 1026 singulares

64 1092 67 1099 .
110 1046 274 1127 temporis
298 1047 473 1127 eiusdem,
498 1047 556 1110 sed
572 1046 664 1111 nullo
682 1043 788 1111 affixo
808 1053 1014 1130 pronomine
1035 1051 1179 1112 demon-

111 1166 248 1218 stratae.
270 1154 420 1218 Eandem
444 1159 613 1220 rationem
628 1158 849 1225 videbimus
841 1181 875 1223 m
887 1162 1074 1244 participiis
1092 1171 1178 1223 tem-

112 1264 210 1344 poris
233 1265 410 1342 praeteriti
433 1268 546 1344 primi.
1131 1260 1140 1285 χ

207 1366 318 1432 Affixo
330 1373 541 1450 pronomini,
552 1391 731 1453 personam
744 1377 1011 1461 demonstranti,
1024 1379 1177 1443 valorem

32 1473 39 1480 '
114 1496 173 1537 vsu
193 1463 423 1539 accommodo=
437 1477 473 1540 in
492 1476 543 1539 his
561 1478 740 1542 relatiuam
758 1485 927 1564 tribuere,
948 1462 1093 1568 pronum
1115 1501 1179 1553 est.

115 1586 180 1648 Sed
204 1587 360 1648 audacius
391 1583 618 1677 hoctfccimus
644 1585 1048 1672 singulari-antiquitatis
1069 1615 1183 1657 exem·

114 1697 173 1780 plo
204 1698 359 1759 incitati:
383 1696 476 1776 quod
499 1698 646 1759 occurrit
667 1698 702 1759 in
726 1695 856 1781 celebri
877 1698 1092 1779 Allooutione
1120 1705 1182 1767 Fu.

10 1774 14 1793 Ι
48 1782 53 1789 ’
113 1803 224 1868 nebri.
248 1802 288 1862 In
309 1801 558 1863 Commentario
572 1784 622 1864 illi
643 1803 774 1864 adiecto
796 1805 875 1865 sutis
897 1803 940 1866 de
960 1801 1026 1865 hoc
1049 1807 1181 1890 egimus

40 1904 52 1969 f
119 1909 222 1994 (Ant.
236 1910 426 1996 Lit.Hung.
448 1909 521 1973 Vol.
543 1910 571 1972 l.
595 1907 624 1994 l.
646 1914 707 1992 56,
731 1922 764 1972 et
785 1929 880 1991 seqq.
894 1913 923 1997 ).
948 1914 1044 1996 Quae
1067 1915 1114 1975 ibi
1133 1911 1184 1974 fu-

58 1991 66 2081 ..
117 2020 301 2099 siusdicta
319 2031 415 2093 sunt,
437 2031 471 2080 et
493 2016 548 2080 hic
569 2020 714 2081 strictim
736 2023 932 2105 repetimus.

209 2128 314 2192 Verbi
339 2142 475 2203 terame,
507 2141 618 2205 creat,
653 2131 874 2210 praeteritum
898 2122 1047 2213 primum
1069 2131 1103 2190 iu
1127 2130 1186 2191 ab·-

118 2253 246 2305 stracto
276 2254 328 2302 est
353 2255 535 2331 teretur-e,
557 2240 696 2302 creauit.
738 2239 829 2319 Hoc,
859 2243 1094 2322 antiquissima
1124 2261 1185 2323 par

118 2373 279 2436 personas
301 2350 493 2428 inflectendi
515 2351 672 2427 ratione,
697 2351 827 2431 accepit
852 2354 885 2412 in
911 2352 1015 2413 tertia
1040 2371 1185 2431 persona

121 2450 306 2544 singulari,
327 2458 371 2519 ad
392 2474 464 2517 eam
489 2453 580 2517 clare
603 2455 928 2532 demonstrandam,
943 2452 1082 2516 affixum
1097 2469 1185 2536 'pro-

118 2572 244 2632 nomen
272 2582 437 2660 personae
466 2564 618 2626 eiusdem
631 2609 643 2642 ,
668 2582 744 2658 cum
773 2561 882 2625 halitu
906 2565 1049 2626 obscuro
1072 2586 1117 2638 v,
1139 2578 1187 2626 te·
1268 2544 1274 2563 ³

63 2679 70 2688 ’“
120 2672 314 2754 remi-d-oe',
329 2689 362 2737 et
379 2695 419 2737 eo
439 2693 515 2736 cum
533 2672 602 2755 leni
613 2676 631 2751 j
641 2672 853 2753 alternante,
866 2676 1083 2752 terame-eye,
1097 2693 1189 2736 crea-

81 2840 84 2844 .
119 2784 263 2865 nit-ille;
285 2787 333 2849 vti
351 2787 385 2848 in
408 2785 575 2869 secunda,
596 2764 672 2847 cum
695 2784 862 2873 vocalium
885 2766 1125 2864 concretione,
1141 2802 1188 2857 te·
1215 2802 1216 2806 ’

119 2901 279 2962 rema-ed
288 2944 299 2975 ,
321 2896 443 2958 creasti
464 2908 520 2973 tu,
546 2897 580 2957 in
599 2896 709 2975 prima
731 2896 950 2971 teremt-cl-m,
965 2897 1076 2958 creaui
1099 2915 1187 2982 ego,

120 3003 373 3070 itidem'alfixa
393 3005 597 3088 pronomina
617 3003 667 3066 his
688 3007 840 3087 personis
861 3005 1110 3068 conuenientia.
1135 3002 1190 3067 Sic

121 3117 164 3180 de
182 3117 235 3192 dl,'
253 3104 356 3194 vluit,
380 3116 599 3198 praeteritum
620 3118 767 3198 primum
786 3117 820 3177 iu
841 3116 1013 3177 abstracto
1036 3118 1119 3191 e‘l-e,
1141 3115 1191 3177 vi·
1254 3141 1257 3145 >

62 3268 67 3291 2
119 3229 194 3306 xit,
220 3226 339 3289 eadem
362 3227 600 3306 antiquissima
617 3226 822 3288 formatione
850 3224 984 3306 accepit
1004 3243 1189 3306 personam

29 3426 33 3437 ,
122 3341 264 3402 tertiam
286 3339 582 3433 demonstratam,
605 3337 748 3413 dle-oe,
776 3336 911 3419 el-d-jej.
929 3333 1116 3412 vixit-illc;
1141 3356 1191 3400 se·
1278 3370 1284 3394 ·

123 3449 269 3513 cundum
291 3449 415 3525 dl-d-d,
438 3448 627 3533 vixisti-tu3
649 3448 794 3529 primam
815 3446 951 3522 etl-estin,
976 3447 1146 3539 vixi-ego.
1178 3510 1181 3515 ,

217 3559 316 3622 Prius
345 3558 541 3640 terent-d-je
559 3555 649 3620 finiti
674 3558 766 3620 verbi
790 3555 907 3619 valore
928 3557 1029 3619 sicin
1044 3576 1094 3619 eo
1118 3560 1192 3621 mo·

124 3680 285 3732 numento
304 3654 449 3754 legitur:
474 3671 617 3749 Mennyi
645 3669 844 3752 mulnsztbun
873 3647 1069 3748 terens-ede
1082 3668 1124 3716 ⁴-
1145 3666 1245 3819 ma

57 3754 78 3777 “
124 3779 287 3849 druuliam
279 3776 352 3861 ·In
369 3789 494 3857 quanta
512 3779 624 3876 gratia
645 3777 785 3840 creauit·
789 3775 910 3839 ille—
867 3770 1192 3864 -progenitorem
1228 3756 1232 3763 ⁵

123 3901 288 3971 nostrum.
321 3890 413 3950 Mox
436 3889 582 3949 occurrit
607 3886 715 3951 forma
745 3888 863 3949 eadem
891 3890 994 3950 etiam
1021 3886 1219 3969 participii
1258 3947 1276 3972 ,·
1345 3884 1349 3893 '

122 3997 261 4061 valo-re.
277 4000 442 4081 Hull-riy'a
460 4000 570 4059 holuit
588 3982 951 4079 tcremtd-jelstentdl
973 3998 1051 4061 Vbi
1055 3980 1195 4061 affixum

121 4127 314 4190 pronomen
342 4120 434 4169 certe
465 4109 532 4168 vim
557 4105 755 4169 habetiam
779 4107 938 4172 relatiui:
961 4109 1123 4170 Audiuit·
1136 4106 1194 4169 ille

114 4229 264 4282 mortem
289 4237 384 4311 suam
400 4217 440 4282 ab*
454 4235 494 4279 eo
506 4261 517 4292 ,
530 4221 591 4300 qui
611 4219 727 4301 ipsum
745 4227 899 4297 creauit,
921 4216 1016 4295 Deo,
1037 4236 1055 4280 a
1076 4237 1192 4287 crean-
1234 4192 1241 4207 ’

791 4374 794 4379 ’
887 4365 1017 4439 llee

906 4612 973 4643 -,Χ
