2700 4830
8 370 13 379 ·
127 377 206 440 1060
296 448 302 463 ·
467 347 905 457 tuurrnuuuruus·
1037 416 1049 439 N

130 481 317 625 cessllriis,
361 507 473 622 posse
516 520 561 592 ad
602 512 851 590 alias-etiam
894 516 1036 614 linguas
1082 541 1225 592 omnes

8 706 13 729 .·
129 665 316 766 applicari.

204 790 295 867 ‘Sic
314 789 461 862 locutus
481 799 536 854 est
557 785 719 879 Magnus
741 782 974 880 Adelungus.
1003 783 1091 880 Ego
1109 808 1225 876 vero,

49 910 55 924 ’
131 939 335 1019 antequam
371 913 832 1019 Adeiungum‘iegissem,
869 914 929 984 iila
951 896 1097 984 tanturlr
1121 909 1227 989 facu-

131 1054 191 1140 la,
215 1072 325 1146 quam
346 1042 438 1114 milri
457 1045 626 1116 accendit
649 1045 883 1117 orientalium
911 1047 1124 1140 linguarum
1148 1063 1226 1135 stu·

133 1160 329 1270 dium‚‘et
349 1174 446 1245 facta
472 1192 554 1244 cum
580 1168 662 1261 his,
687 1189 858 1261 nostrae,
887 1190 925 1246 et
948 1170 1224 1271 septentriona-

69 1272 77 1287 „
134 1311 227 1383 lium
246 1305 504 1400 comparatio,
528 1320 662 1401 sponte
685 1325 770 1374 mea
793 1307 953 1398 perueni
974 1307 1022 1378 ad
1041 1304 1141 1380 hanc
1164 1332 1223 1380 ra·

124 1406 303 1524 tionem,
338 1411 490 1506 naturae
521 1433 672 1505 ductum
705 1450 874 1510 secutur:
905 1458 1060 1531 sumque
1085 1455 1223 1534 postea

135 1570 173 1637 in
195 1566 389 1661 proposito
410 1586 496 1634 meo
524 1577 631 1635 tanto
655 1563 1027 1662 magisconfirr'natus
1040 1563 1129 1637 Viri
1142 1581 1224 1638 tam

54 1754 56 1761 .
137 1694 228 1766 Rari
254 1689 466 1780 sententia,
499 1693 598 1765 adeo
626 1717 709 1765 curn
738 1695 831 1763 meis
852 1695 1043 1786 principiis
1073 1698 1223 1792 conspi.

133 1837 253 1924 rante.
282 1822 368 1893 Feci
391 1808 608 1918 periculum.
638 1819 717 1893 Viri
739 1819 988 1918 intelligentes
1017 1822 1079 1893 vel
1106 1821 1219 1912 exiiis

60 1926 64 1931 ⁸
138 1966 310 2036 tantum,
337 1975 431 2049 quae
455 1951 644 2048 hucusque
671 1952 797 2047 edidi,
820 1953 866 2024 de
888 1953 1112 2041 nominum,
1136 1977 1220 2048 pro·

70 2046 76 2068 Ι
139 2086 358 2163 nominum,
395 2095 433 2151 et
469 2080 666 2153 verborum
695 2078 922 2164 inflexione,
956 2081 1057 2154 vitro
1090 2083 1220 2154 vident

61 2256 64 2265 ·
98 2294 103 2305 x
143 2207 414 2308 etymologiam
437 2211 473 2280 in
494 2200 552 2281 iris
577 2228 675 2283 certe
698 2210 862 2308 partibus
886 2235 966 2284 esse
997 2214 1074 2283 iam
1099 2212 1219 2284 claris·

58 2336 92 2401 Γ
141 2345 297 2427 simam,
332 2362 413 2415 esse
445 2341 738 2420 consolidatam·
770 2341 877 2434 Quae
900 2322 1125 2437 sequuntur,
1153 2365 1224 2413 vo·

139 2494 224 2544 cum
245 2471 453 2558 deriuatio,
475 2486 513 2543 et
530 2467 776 2565 compositio,
797 2472 1035 2566 priorumque
1054 2455 1222 2566 compic-

65 2676 67 2683 ,
132 2617 307 2673 mentum
329 2603 520 2694 syntaxis,
547 2599 635 2668 de‘'
612 2623 654 2668 us
676 2600 789 2669 etiarn
811 2625 958 2696 prorsus
981 2601 1111 2672 eadem
1135 2623 1224 2670 con-

38 2732 52 2796 ἰ
127 2729 267 2806 ,ἧόιιηι
308 2727 387 2798 imo
418 2725 644 2823 gloriantur,
683 2724 794 2822 plena
818 2727 967 2798 demum
994 2725 1076 2798 luce
1099 2723 1220 2810 data,

136 2859 412 2951 iuter,linguas
448 2852 681 2950 Eurcpaeas‚
711 2857 795 2926 licet
831 2858 1080 2940 cultissimus)
1110 2858 1220 2926 unice

64 3004 97 3073 ᾗ
138 2978 303 3055 nostram
338 2987 388 3055 ita
418 2983 571 3056 felicem
605 2961 788 3072 futuram,
818 2985 941 3058 indole
969 3008 1058 3071 sua,
1091 3001 1129 3058 et
1156 3000 1219 3056 'tot

1 3139 14 3219 ζ
137 3113 369 3207 linguarum,
404 3117 615 3212 cumprimis
657 3112 896 3185 orientalium
931 3109 1129 3189 subsidiis:
1178 3130 1219 3184 vt

136 3243 417 3336 grammaticam
443 3239 580 3313 habere
603 3244 721 3336 possit
742 3237 1074 3337 perfectissimam
1098 3239 1237 3311 'modo

25 3408 30 3417 ·
137 3360 378 3475 Eruditorum
398 3371 553 3466 superba
582 3356 759 3443 dissensio
779 3366 901 3443 ¹bonae
923 3365 1056 3442 rationi
1087 3371 1220 3462 cedat,

35 3524 42 3533 ·
139 3513 175 3568 et
199 3500 279 3569 miti
308 3499 462 3610 consilio
487 3492 662 3601 sedeturl
