2700 4830
154 344 218 410 97⁰
300 316 625 388 srrnomorns
642 316 682 383 Ρ.
694 311 721 379 1.
740 310 862 382 sacr.
874 308 936 382 nr.
958 312 1127 399 orn-nr.
1178 386 1181 391 .

151 498 249 578 irat,
277 494 406 581 taitok,
432 492 573 568 lo‘tntilr,
602 485 643 562 Si
665 482 769 559 huius
790 503 845 558 est
865 484 928 562 ille
950 488 1227 580 mentis,.Hun·

152 647 286 721 garos,
316 646 389 691 non
423 618 653 712 vituperare,
688 615 752 686 sed
781 616 931 688 laudare
962 618 1116 694 debuit:
1145 642 1225 688 ma·

153 775 265 847 gnam
288 772 415 839 eorum
441 763 581 842 partem
606 745 749 816 formae
772 743 1033 818 determinatae
1052 749 1226 842 primige-

65 926 70 935 ‚
153 883 236 951 n'iae
250 902 328 948 esse
343 876 497 947 litleliter
511 889 680 943 tenacem
693 896 702 952 ;
731 872 775 943 ab
797 872 895 961 alia,
918 898 1029 968 quam
1044 897 1133 946 vaus
1147 898 1225 948 ma·

110 1038 113 1056 ·
151 1005 209 1078 lus
235 1003 400 1088 induxit,
435 1001 566 1094 insigni
601 1000 801 1070 constantia
835 1023 916 1096 esse
949 1001 1224 1087 abhorrentem.

150 1102 273 1204 Ecce!
312 1128 501 1225 quomodo
532 1126 602 1198 huc
635 1127 720 1197 illuc
749 1135 921 1217 iactatur,
946 1116 1003 1199 cui
1027 1153 1105 1202 non
1127 1146 1225 1203 recte
1269 1173 1273 1197 -,

154 1261 301 1355 cognita
325 1272 406 1326 sunt
429 1278 517 1326 vera
542 1278 780 1351 personarum
801 1253 1010 1343 formatiua.

249 1382 353 1455 Idem
379 1382 505 1478 procul
529 1382 639 1452 dubio
666 1404 785 1476 neque
815 1381 861 1450 dc
890 1385 1056 1476 personis
1079 1381 1223 1455 formae

57 1558 62 1565 ·
154 1506 458 1582 indeterminatae
491 1512 596 1579 nouit
622 1510 835 1604 explicatius
867 1509 995 1606 loqui,
1024 1535 1067 1580 ac
1090 1512 1223 1608 vulgus

153 1644 332 1736 reliquum
362 1636 482 1739 (Vol.
508 1640 533 1708 1.
557 1663 641 1735 pag.
665 1656 746 1734 149.
765 1634 915 1736 §.57.).
946 1636 1013 1710 Per
1031 1637 1222 1735 pronomi-

152 1802 202 1849 na
226 1772 453 1872 personalia,
480 1797 573 1868 qnae
595 1788 764 1871 separata
790 1799 983 1861 vocamus,
1011 1792 1048 1846 et
1071 1773 1223 1873 Hunga'·

156 1911 186 1977 ri
215 1909 421 2000 exprimunt
443 1925 618 1997 personas
642 1901 838 1975 verborum
851 1958 864 1992 ‚
893 1905 956 1975 sed
982 1928 1058 1975 vna
1083 1907 1223 2002 etipsa

156 2035 270 2110 verba
293 2028 481 2103 inflectunt
505 2034 541 2100 in
564 2030 656 2107 line:
684 2035 942 2132 e‘nfieret-elr,
968 2047 1005 2106 te
1014 2035 1222 2132 steret-fi,

34 2177 36 2181 ’
154 2173 175 2237 e
197 2165 345 2262 szere23
371 2163 426 2232 mi
450 2162 676 2251 sacret-ank,
708 2166 745 2235 tt
758 2156 991 2263 sceret-tels,
1018 2165 1068 2236 &k
1078 2164 1223 2262 sueret-

134 2298 239 2386 ss'nelr.
267 2264 666 2386 Frequentemtamen
696 2297 955 2391 pronominum
977 2300 1115 2366 nelrum
1140 2319 1223 2365 cunr

74 2508 86 2525 ,
156 2423 278 2492 verbis
309 2448 382 2495 non
412 2438 541 2517 putant
572 2426 622 2497 ita
652 2427 916 2519 necessatium,
949 2438 991 2493 vt
1014 2422 1135 2510 Galli,
1161 2423 1223 2496 vel
1270 2476 1273 2485 2

157 2533 357 2636 Germani}
387 2540 568 2648 siquidem
588 2554 628 2622 iis
648 2553 822 2653 neglectis
836 2576 904 2621 vsu
926 2548 1141 2647 quotidiano
1161 2548 1222 2627 atl-

154 2677 308 2756 h'ibe'ant
338 2685 415 2754 sola
446 2682 561 2754 verba
592 2681 745 2754 inflexa:
768 2679 992 2773 sacret-ek,
1004 2682 1221 2779 sacret-sa,

142 2818 299 2914 fieren
320 2800 572 2901 szeret-ttnlr,
594 2813 836 2910 fieret-tel,
859 2813 1099 2910 steret-nel.
1139 2814 1221 2887 Hoc

159 2939 400 3013 Grammatici
426 2942 580 3041 leuiores
610 2941 797 3012 clamitant
823 2941 1003 3038 peculiare
1028 2941 1117 3036 q'uid
1142 2965 1220 3014 esse

127 3047 299 3167 'linguae
332 3086 498 3141 nostrae:
539 3093 605 3138 nec
634 3070 855 3152 obseruant,
892 3094 935 3141 ea
960 3083 1057 3152 ‚certe
1088 3067 1220 3158 allixa,

87 3168 94 3180 ,
154 3197 281 3291 quibus
312 3202 470 3292 acceptis
502 3197 636 3270 inflexa
665 3180 777 3270 verba
799 3199 845 3269 ad
867 3222 1041 3294 personas
1061 3197 1221 3272 referun-

103 3341 109 3361 ²
152 3339 232 3413 tur,
259 3331 478 3423 pronomina
502 3351 580 3398 esse
601 3330 828 3443 personalia,
854 3331 908 3398 vti
928 3306 1051 3399 reuera
1072 3349 1119 3398 ea
1141 3351 1219 3399 csse
1244 3421 1247 3431 Ι

142 3462 280 3548 'patent
311 3455 356 3524 ad
387 3455 609 3526 euidentiam
642 3460 676 3526 in
709 3459 968 3550 pronominum
992 3458 1219 3531 euolurtone

142 3581 244 3661 Nos,
265 3587 414 3678 quidem
446 3586 582 3654 nullam
616 3581 967 3677 proferimusverbi
1000 3607 1222 3681 personam,

152 3727 306 3809 excepta
329 3676 442 3781 lertia
468 3696 640 3807 singulari
666 3716 700 3782 in
723 3712 842 3809 forma
861 3696 1100 3785 solummodo
1121 3714 1221 3784 inde·

153 3814 354 3914 terminata
374 3842 491 3920 nudas
519 3868 627 3939 qnam
648 3868 721 3913 non
741 3844 918 3914 indicaret
931 3834 1222 3941 personalepro·
1260 3926 1266 3939 ‚

151 3996 292 4042 nomen
317 3977 536 4042 conueniens
548 3992 564 4054 ‚·
585 3974 766 4066 adiectum
787 3973 832 4045 ad
856 3974 957 4044 verbi
981 3974 1140 4043 radicem
1160 3974 1220 4045 vel

151 4108 333 4196 primam,
349 4106 661 4200 vel‘prorimam,
684 4105 890 4199 eupho'nica
914 4107 1054 4175 ration'e
1076 4128 1222 4174 accom-

146 4235 359 4318 modatum,
411 4231 501 4306 lllae
523 4239 627 4331 ipsae
652 4236 867 4310 inflexiones
890 4233 1016 4327 verbi,
1046 4208 1224 4328 personas
