2700 4830
198 345 261 429 9⁶4
329 282 1174 407 srmoroarrs1².1.ssc‘r.'111.cnr.ru.³

145 496 169 611 χ,
202 515 379 613 lese-neh.
409 515 483 586 Has
497 497 613 609 ¹porro
633 512 930 597 terminationes,
950 531 971 577 a
992 506 1064 581 suis
1086 499 1279 606 radicibus

200 662 380 733 resectas,
406 647 508 714 aiunt
530 640 607 712 aliis
636 642 740 713 buius
765 640 906 711 formae
931 635 1108 706 radicibus
1138 635 1271 718 adiici,

202 791 278 845 tam
301 779 336 844 in
359 775 677 869 singulari,'quam
702 775 737 840 in
760 742 899 867 plurali
912 786 1089 838 numeros
1111 764 1276 853 kap-ok,

204 903 355 1000 hap-sa,
377 943 428 956 —-
449 902 634 996 kap-unk,
658 900 838 993 kap-tol,
860 897 1069 997 kap-..nah
1106 886 1271 981 terp-el,
1337 980 1340 987 .

26 990 47 1140 '¹
140 1124 143 1129 ⁴
202 1033 338 1130 ffl’sh
365 1072 414 1087 ·-
441 1034 499 1122 te'p
516 1030 615 1121 ilnlr,
641 1033 804 1120 rep-tel,
832 1029 989 1119 rep-neh.
1017 1023 1277 1121 'Memoratur

172 1153 175 1158 ’
205 1169 242 1222 et
266 1157 386 1248 spuria
407 1178 565 1248 persona
584 1153 740 1227 secunda
764 1154 848 1234 lesa
864 1145 922 1232 ela
948 1151 1102 1247 proinde
1124 1163 1161 1219 et
1178 1148 1274 1218 aliae
1295 1253 1298 1257 Ι

90 1360 94 1367 ⁸
206 1279 253 1352 de
274 1305 319 1352 ea
346 1305 527 1375 personae
554 1283 683 1352 itidem
711 1307 785 1353 non
806 1300 944 1365 rectae,
971 1281 1119 1377 kap-ol,
1149 1281 1273 1368 rep-el.

204 1410 255 1482 Et
278 1436 358 1483 cum
380 1414 527 1486 euidens
548 1417 612 1502 sit,
632 1411 705 1484 boc
728 1417 777 1483 ita
799 1413 895 1484 fieri:
922 1411 1074 1482 fidenter
1092 1406 1272 1495 inferunt,

74 1588 86 1599 -
204 1528 316 1638 posse
336 1539 428 1631 hanc
449 1542 609 1614 formam
632 1541 847 1612 auxiliatam
868 1541 1064 1614 nominari.

302 1670 353 1739 lit
375 1692 465 1740 vero
487 1672 522 1741 in
539 1669 608 1741 hac
628 1668 811 1741 euidentia
830 1694 892 1741 cur
913 1668 982 1740 boc
1006 1690 1079 1747 non
1106 1667 1272 1754 videtur,

208 1799 308 1893 quod
338 1800 458 1872 videri
491 1791 628 1871 debet‘l
667 1796 764 1870 Nam
790 1801 826 1869 in
850 1795 904 1869 his
932 1782 1048 1868 uerbis
1075 1795 1305 1866 substanti-c

207 1932 289 2017 uis,
316 1952 410 2025 quae
437 1943 520 1998 sunt
541 1952 614 2001 vna
635 1927 982 2017 etiam-auxiliaria,
1015 1928 1128 2014 banc,
1162 1927 1275 1997 obse·

85 2074 91 2087 ‘
209 2086 293 2148 cr0,
322 2059 446 2131 auxilii
471 2059 776 2155 significationem
806 2059 1025 2134 habentne
1016 2084 1116 2157 rpsae
1141 2084 1274 2132 eorum

207 2189 368 2261 radices:
395 2190 495 2283 prior
525 2213 660 2285 nempe
689 2214 810 2285 ungy,
847 2191 937 2300 olim
968 2194 1059 2289 vnj,·
1094 2193 1277 2285 posterior

208 2332 333 2424 autem
352 2322 500 2414 proprie
519 2323 575 2406 le,
601 2322 657 2390 cui
679 2318 802 2392 sibilus
825 2338 948 2394 acutus
972 2319 1149 2392 halituum
1173 2288 1277 2390 moie

210 2420 381 2528 accessit,
400 2434 523 2545 lasz?
548 2443 697 2517 Habent
722 2449 861 2542 vtique.
896 2448 993 2543 Ergo
1020 2449 1161 2517 omissis
1187 2448 1276 2539 ipsis

209 2526 407 2661 radicibus,
435 2590 529 2668 quae
557 2573 823 2670 significatione
848 2600 910 2648 sua
942 2591 1150 2671 praesentes
1173 2576 1276 2644 auxi-

46 2750 49 2757 ‚
90 2740 94 2747 ·
141 2768 144 2775 ,
208 2700 403 2790 liarentur,
441 2718 603 2777 resectae
636 2727 761 2783 earum
798 2707 1097 2787 terminationes,
1131 2719 1277 2774 tantum

208 2853 383 2924 personas
414 2833 635 2920 indicantes,
664 2817 871 2928 eodemque
899 2824 1013 2905 modo
1032 2833 1136 2930 ,ipsis
1163 2833 1279 2904 adne·
1327 2876 1332 2883 ·

39 3032 45 3043 ‚
88 3060 95 3069 ο
210 2951 308 3049 riae,
334 2985 407 3056 quo
431 2962 669 3034 adnectuntur
689 2963 867 3036 radicibus
888 2967 967 3036 aliis
982 2966 1018 3034 in
1035 2959 1154 3034 forma
1176 2960 1280 3030 inde·

211 3094 429 3178 terminata,
451 3110 658 3199 possuntne
678 3092 732 3165 his
755 3097 871 3166 vllum
890 3076 971 3175 ueri
994 3094 1154 3167 nominis
1175 3094 1278 3163 auxl-

133 3216 141 3226 ’
212 3222 302 3294 lium
325 3221 511 3302 adiicere?
547 3222 699 3295 Nullur'n
722 3240 832 3304 certe.
871 3221 930 3297 Ex
948 3223 1068 3296 verbis
1093 3223 1278 3294 auxiliari·

212 3350 302 3438 bus,
328 3370 365 3424 et
399 3353 518 3426 verbis
546 3355 625 3424 aliis
658 3326 800 3426 formae
830 3355 1154 3441 indeterminatae,
1185 3355 1281 3422 inter
1328 3397 1331 3419 .

212 3500 252 3551 se
281 3476 445 3592 collatis,
472 3478 543 3551 huc
571 3498 630 3553 est
660 3506 751 3584 vere
780 3482 954 3555 euidens:
982 3484 1164 3553 variantes
1196 3465 1306 3565 illas¹

22 3623 26 3628 ’
107 3700 110 3705 Ι
201 3611 541 3683 ⁴ter‘rninationes'a
565 3614 699 3682 neutris
723 3612 770 3683 ad
799 3613 931 3693 altera,
955 3613 1020 3684 scd
1049 3609 1096 3681 ad
1125 3625 1307 3705 vtraque.

148 3756 151 3761 ’
214 3737 362 3809 aliunde
390 3762 470 3810 esse
495 3739 637 3811 adiectu
661 3736 775 3813 modo
798 3740 955 3830 eodem,
980 3740 1028 3812 ad
1049 3736 1176 3811 eorum
1199 3762 1281 3834 pera

91 3878 111 3983 ¹,
215 3894 324 3942 sonas
339 3874 471 3967 pariter
489 3870 711 3949 formandas
727 3869 787 3944 ‘Et
806 3870 1015 3949 huiusmodi
1029 3860 1256 3942 adiectiones
1267 3919 1281 3955 ,

217 4022 311 4097 quae
330 4025 505 4099 personas
523 3999 706 4091 formant,
730 4027 812 4074 cum
833 4003 979 4101 linguae
998 3999 1194 4072 orientales
1217 3996 1284 4066 do·

215 4149 320 4204 ceant
341 4132 554 4223 clarissime,
577 4148 615 4203 et
637 4149 760 4205 nostra
783 4137 895 4205 ctiam
917 4157 992 4203 non
1016 4129 1167 4201 obscure
1190 4124 1285 4194 indi

215 4277 293 4351 cet,
318 4284 518 4343 merassas
539 4267 780 4360 pronomina.
811 4286 871 4334 cur
898 4283 972 4334 non
997 4260 1119 4358 potius
1144 4255 1192 4328 ad
1213 4257 1285 4346 ista
