2700 4830
218 306 309 449 2054¹
362 358 599 427 VINDICIAE
620 359 681 422 DE
699 358 789 422 ΒΕΘ.
809 358 939 424 VERB.
960 360 1135 428 FORMA.
1199 359 1209 372 ⁰

118 569 124 583 ν
219 508 402 629 spectetur
422 527 522 600 aliud
542 521 580 596 in
601 492 841 624 philologia,
860 528 929 596 nisi
952 525 1052 621 quod
1072 529 1150 603 iam
1175 494 1308 599 c'urhua

218 660 295 732 late
319 655 508 753 praestat?
542 652 734 750 Despecta
763 676 804 723 re
831 658 1047 742 communi,
1083 671 1121 727 ct
1150 655 1305 752 indigne

218 807 408 883 repressa,
429 783 578 880 linguae
604 777 744 852 scilicet
765 804 854 853 vera
877 787 1072 880 puritate,
1090 800 1128 852 ct
1163 788 1305 861 sincera

220 916 459 1011 integritate,
478 907 629 981 affectus
649 906 882 994 indomitus,
903 930 939 985 et
961 916 1074 985 nimia
1100 915 1149 982 de
1173 919 1306 1010 scopi·

220 1047 307 1132 nio,
332 1039 434 1137 quod
455 1040 572 1112 semel
594 1037 715 1112 haesit
740 1044 867 1112 animo
894 1066 969 1112 non
990 1041 1085 1114 benc
1105 1050 1306 1141 praepara·

221 1191 287 1263 to,
317 1186 354 1242 et
379 1166 552 1264 imperite
572 1167 758 1265 prolatum
780 1183 861 1252 est,
889 1170 926 1239 id
949 1193 1062 1283 porro
1082 1176 1200 1241 etiarn
1224 1195 1305 1266 pcr-

94 1390 125 1405 ..
223 1303 300 1376 dite
321 1303 503 1386 sustinet,
533 1320 574 1368 ac
603 1313 840 1395 propugnat,
874 1302 957 1393 ipsa
980 1297 1126 1371 ratione
1151 1300 1223 1372 sibi
1253 1325 1307 1372 re.

108 1430 143 1507 ’.
224 1429 429 1516 clamante,
464 1424 675 1524 figmentis,
710 1431 831 1523 prauis
860 1420 1182 1536 'detorsionihus,
1201 1453 1305 1501 rnen·

48 1626 50 1633 .
123 1594 127 1606 ¹
224 1559 364 1646 daciis,
394 1554 650 1644 illusionibus,
671 1572 710 1628 et
734 1556 935 1629 calumniis.
963 1556 1152 1654 Equidem
1165 1561 1216 1630 ita
1229 1576 1305 1630 seni

225 1695 302 1777 tio,
331 1708 400 1760 nec
428 1686 664 1788 philologum
696 1710 777 1760 esse
805 1700 945 1784 posse,‘
979 1689 1053 1758 nisi
1084 1687 1303 1793 ciuemtbo·

116 1846 121 1853 ·
224 1845 342 1909 num,
362 1822 574 1893 communis
601 1812 691 1892 boni
717 1818 839 1891 studio
865 1820 1057 1894 intentum.
1073 1814 1303 1890 ‘Commune

224 1948 443 2022 bonumest
459 1946 682 2079 philologo,
716 1952 836 2048 gentis
865 1948 1052 2023 thesaurus
1081 1954 1302 2046 pretiosissi-

224 2105 331 2177 mus,
366 2080 491 2187 lingua
517 2083 660 2176 patria,
690 2081 728 2150 in
759 2103 823 2150 sua
845 2076 1054 2201 integritate
1082 2104 1301 2154 conseruan-

185 2211 297 2319 ²da,
322 2209 370 2282 od
394 2209 709 2296 emolumentum,
731 2224 782 2280 ct
789 2210 900 2281 decus
916 2233 1130 2289 commune
1160 2210 1202 2281 ln
1228 2190 1299 2306 quo
1336 2268 1342 2291 ,

199 2310 311 2428 tlte,
342 2360 412 2409 nec
452 2336 524 2409 sibi
552 2336 765 2436 indulgeat,
809 2360 876 2410 nec
908 2335 1005 2412 aliis
1019 2354 1169 2435 parcat3
1212 2339 1302 2431 sed,

227 2465 328 2563 quod
360 2457 506 2565 linguae
536 2467 696 2566 dignitas
726 2473 911 2569 exposcit,
946 2467 1018 2541 hoc
1037 2466 1175 2541 ¹vnice'
1198 2484 1301 2570 agat.

224 2593 371 2670 Bonum
398 2594 495 2668 hunc
514 2597 633 2668 ciuem
652 2591 869 2668 fidelissime
892 2595 1031 2674 imitor.
1060 2596 1223 2689 Quando
1239 2620 1301 2669 me

128 2714 132 2727 ’
209 2743 379 2825 ⁹naturae
408 2727 611 2824 propensio
644 2722 715 2797 huc
744 2726 887 2820 rapuit,
923 2741 965 2798 vt
995 2726 1090 2796 inter
1122 2727 1196 2797 alia
1228 2725 1300 2797 hoc

228 2879 299 2952 ego
323 2854 683 2940 bonumcommune
704 2855 936 2948 potissimum
959 2857 1216 2928 aestimarem:
1249 2854 1300 2926 nil

112 2999 114 3004 '
226 2984 320 3058 mihi
347 2981 551 3081 indulgeo,
573 2977 714 3055 nullum
738 2980 841 3078 fugio
861 2981 1050 3074 laborem,
1079 2981 1189 3055 huius
1211 2984 1297 3057 boni

225 3130 394 3187 naturam
412 3112 584 3186 subsidiis
604 3110 775 3211 omnibns
797 3112 1030 3211 perue'stigo,
1055 3110 1139 3211 ipse
1159 3138 1297 3186 errores

225 3262 333 3311 meos
350 3243 489 3336 priores
508 3232 666 3338 ingenue
680 3234 817 3329 fateor,
840 3255 877 3313 et
887 3231 1167 3336 apertc'reiicio,
1178 3213 1297 3331 rehta,

227 3381 265 3439 et
283 3367 473 3462 explorata
492 3370 571 3441 sine
593 3367 743 3440 fictione
760 3371 898 3440 sincere
920 3366 1058 3450 doceo;
1080 3388 1213 3437 verum
1233 3391 1299 3438 neo

227 3494 310 3567 aliis
336 3518 471 3591 parco,
499 3499 530 3568 si
556 3499 618 3593 qui
642 3494 714 3568 hoc
737 3496 875 3569 bonum
898 3474 1095 3567 commune
1116 3520 1194 3567 non
1218 3520 1298 3592 pro·

226 3610 455 3712 be'norunt,
485 3625 598 3722 idque
623 3599 763 3698 inscitia
789 3648 878 3713 stra,
900 3625 1114 3721 praesertim
1138 3625 1301 3698 malitio-

227 3776 291 3842 sa,
323 3767 362 3826 et
390 3756 595 3851 pertinace,
629 3755 866 3843 conturbant,
895 3741 1123 3852 deprauant,
1154 3774 1192 3826 et
1212 3763 1300 3853 pet·

227 3901 383 3959 uertunt.
410 3879 460 3956 Et
480 3908 581 3957 meas
603 3890 689 3960 istas
719 3889 806 3958 ciuis
829 3884 919 3956 boni
943 3902 1065 3982 partes
1087 3888 1201 3958 solito
1225 3912 1301 3984 gra·

105 4034 113 4051 *
225 4016 348 4086 utores
380 4012 469 4086 facit
499 4015 664 4115 officium
698 4015 909 4114 publicum,
948 4029 1052 4089 tanto
1087 4014 1183 4088 mihi
1223 4013 1301 4088 reli·

227 4144 364 4245 giosius
408 4140 654 4239 explendum:
695 4158 833 4240 quanto
873 4144 1064 4215 illustriore
1109 4143 1223 4230 loco,
1268 4156 1301 4214 e't

66 4286 72 4301 ·
137 4278 144 4288 '
229 4287 365 4364 quanto
406 4277 548 4348 maiore
586 4278 868 4373 exspectatione
906 4273 952 4345 de
995 4295 1058 4347 me
1098 4279 1285 4349 concitata
