2700 4830
188 386 251 464 982
335 308 569 467 vrnurcrle
589 368 651 434 nn
676 368 764 434 suc.
784 364 915 433 unna.
936 350 1109 465 ronna

1061 514 1072 529 s
1317 488 1328 519 ἢ

118 540 122 549 ’
186 548 230 619 in
253 540 452 616 verborum
477 540 630 647 formis:
663 537 765 635 quod
791 560 918 609 earum
943 535 1157 610 discrimina
1183 528 1262 614 non
1320 538 1324 547 ’

154 678 254 745 ·rite
281 676 509 767 percipiant,
545 684 583 741 et
611 673 709 763 iprae
740 683 939 765 propterea
976 669 1128 741 confuse
1160 671 1266 742 adhi-
1349 651 1350 695 l

186 802 312 885 beant.
355 797 521 903 Suntet
552 797 636 869 aliis
666 797 836 895 gentibus
865 823 931 871 sua
962 803 1079 888 vitia,
1118 807 1265 874 tamin

76 974 80 979 -
186 933 455 1030 pronunciata,
491 949 603 1022 quam
630 929 668 999 in
691 950 862 1000 sermone
883 932 990 1024 ipso,
1014 914 1076 1000 de'
1095 933 1173 1001 ruis
1198 932 1264 1002 lin·

186 1065 267 1161 g'rris
293 1061 452 1156 propriis
474 1057 522 1128 'ad
545 1053 794 1157 Huogaricam
815 1058 1012 1131 translata:
1049 1075 1087 1130 et
1115 1055 1264 1159 Hunga·

186 1214 247 1262 rue
281 1188 397 1261 alium
432 1207 617 1282 quemque
658 1188 868 1290 Hungance
903 1189 1125 1284 loquentem
1165 1192 1261 1263 clare

186 1312 388 1405 discernit,
411 1340 484 1411 qua
505 1314 553 1386 sit
569 1292 683 1417 gente
701 1333 813 1392 ortus.
841 1316 989 1389 Habent
1003 1292 1093 1391 vero
1115 1337 1153 1392 et
1169 1321 1261 1392 aliae

185 1449 336 1549 linguae
356 1473 489 1523 omnes
508 1448 721 1520 delicatiora
739 1449 808 1519 icta
820 1430 1043 1523 discrimina·
1067 1445 1146 1522 Sed
1161 1449 1261 1520 Hun·
1327 1444 1339 1549 J

185 1601 292 1678 garns
317 1581 548 1676 peregrinum
570 1574 783 1681 huiuamodi
809 1578 942 1649 vitium
963 1574 1002 1648 in
1024 1578 1129 1649 nulla
1154 1595 1261 1679 gente

185 1709 285 1790 alia,
314 1710 495 1805 iniquior,
522 1721 560 1777 et
578 1703 753 1777 acerbius
782 1720 910 1794 notat,
938 1729 1049 1802 quam
1082 1711 1121 1779 in
1143 1706 1261 1783 Slaui·

185 1862 252 1927 oa,
277 1807 491 1936 et'superbo
512 1849 700 1907 contemtu
722 1837 978 1931 grauissimum
997 1836 1161 1911 obiectat
1177 1862 1260 1934 pro·
1327 1912 1330 1917 ,

133 2015 137 2056 5
185 1964 289 2040 larum
317 1968 416 2039 male
436 1969 629 2063 loquenti,
656 1964 685 2034 ri
707 1985 792 2036 eum
815 1970 996 2043 stenima
1017 1969 1129 2040 dicat.
1211 2008 1214 2013 ·
1257 1942 1261 1949 .
1327 1952 1334 2041 Ῐ·

142 2072 146 2083 ’
289 2095 411 2166 Probe
439 2101 546 2170 nouit
566 2092 767 2198 Versegiur
795 2095 1027 2198 popularium
1051 2112 1263 2201 nostrorum

183 2219 282 2298 lrunc
307 2222 502 2315 morbum,
535 2225 597 2297 vel
631 2225 762 2299 vitium
791 2232 931 2325 potius.
970 2228 1030 2302 Eo
1061 2229 1128 2325 ille
1158 2229 1259 2300 abuti
1325 2312 1330 2329 ⁸

183 2342 317 2423 voluit.
353 2347 408 2425 Vt
443 2355 543 2428 enim
575 2353 734 2442 sormam
765 2360 967 2453 optimam,
999 2357 1047 2429 ab
1074 2338 1260 2431 erroribur
1333 2403 1340 2420 1

182 2478 437 2570 vindicatam,
470 2486 507 2555 in
537 2484 742 2573 inuidiam,
778 2500 815 2556 et
844 2500 1070 2561 contemtum
1100 2485 1260 2558 adduce·
1331 2462 1350 2553 s

90 2666 93 2675 .
182 2626 262 2699 ret,
289 2636 398 2709 quarn
418 2630 573 2709 posset,
592 2618 816 2700 max'imum3
839 2611 1062 2690 Slauiemum
1081 2616 1136 2686 illi
1158 2616 1259 2688 affin·
1288 2676 1291 2680 .

183 2744 261 2831 xit,
285 2732 420 2815 notam·
436 2742 743 2821 abominabilem.
771 2739 813 2815 ln
836 2744 979 2816 nefasto
1005 2748 1142 2841 scripto
1164 2762 1257 2835 suo3·

183 2875 280 2943 inter
298 2873 506 2960 illusioner,
532 2889 568 2944 et
587 2874 722 2972 prqbra
743 2874 838 2964 alia,
857 2872 951 2946 banc
969 2872 1030 2944 ille
1048 2888 1180 2945 notam
1201 2899 1255 2947 rc·

183 3006 277 3100 gerit
311 3002 668 3099 frequentissimam:
702 3029 775 3101 quo
809 2999 926 3103 magis
961 2998 1258 3104 ingratae=vocir

182 3136 405 3227 repetitione
440 3134 593 3207 instillet
621 3137 801 3206 intentum
835 3134 1079 3225 odium3eui
1100 3159 1255 3209 mouen-

183 3264 254 3350 do,
298 3265 360 3337 vel
394 3262 509 3362 ipsius
541 3265 786 3358 conscientia,
826 3291 901 3339 non
935 3262 1121 3359 sufficiunt
1155 3288 1257 3364 argu

93 3430 96 3437 ·
181 3410 306 3465 menta
328 3395 428 3468 male
451 3394 668 3493 conquisita.
851 3389 867 3409 '
1325 3370 1330 3379 ι

216 3546 219 3551 ·
287 3518 363 3595 Sed
384 3528 463 3621 ipre
489 3525 558 3597 eibi
585 3504 726 3598 tan-tam
747 3541 899 3622 repente
920 3524 1048 3601 intulit·
1062 3519 1140 3593 lroc'
1157 3520 1258 3592 lacto
1311 3552 1333 3631 ·-

159 3650 449 3755 ignominiam,
468 3668 648 3748 quantam
672 3656 724 3727 illi
742 3682 789 3728 ne
808 3658 943 3726 iuratus
963 3626 1115 3751 quidem
1138 3649 1255 3724 boetia
1324 3686 1333 3705 ·

135 3778 138 3783 ’
181 3776 363 3853 c'oncitare
390 3770 524 3876 potuit.
554 3784 957 3872 Λέεοτωπιίηεοίοηε,
989 3783 1035 3887 od
1067 3803 1161 3877 quos
1188 3768 1252 3854 vel
1318 3788 1324 3805 ’

181 3913 307 3981 auditu
333 3907 501 4006 pertigit,
533 3913 629 3986 adeo
655 3937 784 3986 omnes
809 3886 985 4010 perculit,
1016 3927 1052 3993 et
1074 3910 1256 3983 offendit:
1332 3966 1335 3975 .

178 4040 365 4126 utillum,
390 4039 545 4115 delirum
565 4044 684 4132 illico,
705 4061 744 4116 et
765 4045 1021 4141 impudentem
1041 4042 1250 4138 proclama·

179 4172 275 4260 rint;
305 4171 404 4269 quod
428 4173 483 4261 is,
508 4176 637 4245 unicus
650 4227 664 4264 ,
688 4191 733 4248 et·
748 4175 854 4247 exilis
877 4173 1098 4259 homuncio,
1127 4188 1251 4245 totum

181 4300 312 4376 orbem
343 4296 617 4404 Hungaricum,
655 4302 726 4379 hac
757 4305 883 4382 forma
915 4305 1120 4381 domestica
1155 4319 1255 4379 recte
1323 4362 1327 4371 .
