2700 4830
181 306 209 394 l.
229 310 294 377 Ill.
316 313 354 375 A.
378 308 452 373 Gr
471 303 677 374 CONSONA
696 300 982 371 EVANESCENS·
1055 316 1117 385 837

32 488 94 554 ·in
114 487 150 565 l,
175 484 260 563 ool,
283 486 354 556 ool.
382 479 486 551 Hanc
514 481 626 549 etiarn
649 477 799 565 Votja'rlti
824 477 959 548 habent
987 480 1021 545 in
1049 470 1116 544 i'm·

54 611 233 707 perfecto.
261 608 403 681 Eadem
419 612 541 703 viget,
558 608 620 678 sed
642 609 809 704 neglecto
831 635 853 678 v
874 608 984 677 halitu
997 659 1006 689 ‚
1021 605 1116 697 apud

54 739 203 814 Fennos
227 765 392 843 quoque,
416 739 619 826 Esthones,
635 734 794 819 Turtas,
815 756 850 809 et
870 736 1118 807 Tsclreremisss

58 896 137 959 aos;
163 877 220 958 ol,
250 873 322 956 oll,
353 870 405 946 ul.
453 867 554 939 Haec
580 868 700 942 forma
732 869 793 961 dat
826 868 931 940 nobis
956 862 1119 962 reliqua,

58 1024 152 1096 quae
172 1015 384 1092 supersunt,
408 994 513 1067 huius
535 999 637 1069 verbi
660 1017 840 1095 tempora.
904 1058 907 1063 .

55 1176 59 1183 -
165 1127 283 1224 Vagy
314 1143 368 1197 est
396 1130 495 1220 prior
526 1126 628 1197 radin
658 1153 766 1215 vera,
795 1100 913 1225 eaque
939 1106 1120 1223 personas⁵

58 1259 209 1326 omnino
232 1259 372 1329 tertiae.
400 1249 469 1323 Cui
491 1269 613 1325 tamen
636 1257 684 1327 ad
708 1258 864 1327 eandem
884 1255 978 1328 hanc
996 1280 1120 1353 perso·
1167 1251 1185 1343 f

56 1406 144 1453 nam
164 1386 282 1481 magis
307 1382 632 1471 demonstrandam
653 1369 783 1459 adiecit
808 1406 892 1456 vsus
914 1388 1118 1481 antiquissi-

56 1482 146 1578 mus¹
160 1532 367 1602 pronomen
393 1524 466 1594 dn,
491 1533 573 1578 cum
598 1533 755 1609 congrua
780 1512 920 1582 vocalis
946 1515 1120 1582 mutatio·
1241 1584 1246 1593 ,

17 1714 24 1727 ,
56 1660 124 1724 ne,
149 1616 332 1733 augy-on,
357 1661 531 1732 augy-on.
575 1608 640 1708 Est
670 1662 758 1709 vero
783 1652 820 1707 et
849 1661 939 1723 van,
974 1640 1019 1708 de
1049 1640 1120 1711 hoc

59 1736 306 1844 contractum,
331 1766 433 1861 vulgi
458 1768 668 1861 cumprimis
688 1789 754 1836 vsu
776 1766 1121 1860 fremrentissimum.

58 1891 119 1964 Ad
140 1892 374 1963 formandam
403 1895 558 1986 primam
580 1916 775 1988 personam
800 1918 847 1964 ex
867 1896 1122 1993 legeaccessit

59 2044 265 2119 pronomen
289 2021 352 2106 eil,
377 2021 499 2091 vocali
519 2021 653 2091 itidem
686 2038 926 2118 congruenter
957 2034 1120 2107 mutata,

63 2146 236 2246 augy-ok.
266 2141 433 2222 Secunda
454 2174 574 2245 vogy,
597 2149 643 2221 ab
661 2123 881 2245 ipsa-radice
898 2154 1122 2246 'pronuncia-

59 2296 98 2352 tu
118 2264 327 2353 sonantiore
349 2277 538 2361 differens,
562 2295 616 2351 est
639 2281 683 2349 de
707 2276 960 2375 antiquissima
984 2280 1119 2351 Forma-

59 2416 160 2501 tione
184 2412 367 2508 migr-tlt,
402 2389 437 2480 et
466 2418 498 2470 ll·
518 2398 650 2507 (tau)
680 2412 713 2477 in
740 2415 762 2475 3
787 2408 943 2509 (caph)
976 2425 1117 2504 mutato

58 2541 245 2636 augy-leh,
276 2535 559 2608 consonantibus
594 2535 767 2618 demum,
798 2526 889 2608 ¹sono
919 2534 1118 2632 proximis,

43 2646 95 2737 'in
118 2667 286 2737 'eundem
317 2688 449 2736 sonum
483 2662 722 2749 abeuntibus,
761 2668 908 2760 proprie
939 2692 1117 2764 augy-gy.
1152 2700 1155 2705 ·

60 2797 191 2872 Manet
211 2770 343 2866 eadem¹
365 2791 455 2865 haee
477 2792 579 2863 radix
599 2795 709 2863 etiarn
732 2794 767 2862 in
791 2792 917 2891 plurali
941 2819 1116 2881 numero,

59 2926 96 2993 in
120 2927 299 3018 praesenti
322 2922 441 2993 solum
465 2939 644 3016 tempore.
685 2900 795 3013 Quod
821 2920 933 2993 habet
961 2926 1117 3008 vitium,

58 3056 96 3122 in
120 3056 298 3137 secunda,
327 3070 364 3124 et
390 3054 495 3122 tertia
517 3073 694 3147 persona3
722 3051 849 3138 estid,
879 3060 1119 3146 pronunciari·
1207 3072 1210 3077 ·

10 3232 12 3239 r
61 3180 98 3250 di
122 3184 299 3270 mollitie,
336 3179 398 3253 vel
425 3183 569 3277 pigritia
594 3184 718 3277 potius
746 3177 910 3252 illatum:
946 3182 1117 3275 vat-tol,

60 3311 241 3398 van-noli,
262 3334 328 3406 pro
348 3307 531 3406 'augy-tols
540 3361 553 3395 ,
576 3309 774 3403 augy-noh.

155 3408 449 3517 npudltebraeos
472 3431 720 3495 substantiuum
747 3432 886 3497 verbum
907 3440 960 3495 ost
978 3431 1116 3516 quidem

53 3544 186 3637 auctius
194 3587 207 3618 ,
230 3551 301 3641 r'tyj
326 3544 483 3632 (haja),
505 3552 541 3603 et
563 3547 636 3640 ιᾞῃ
660 3529 800 3633 (haid.)
813 3590 824 3621 ,
852 3528 1026 3608 Chaldaeis
1050 3547 1116 3610 vsi·

58 3653 172 3716 tatius·
205 3654 270 3716 Sed
297 3655 465 3735 principio
493 3651 603 3716 fuerat
630 3642 804 3736 utrumque
832 3656 977 3741 simplici
1005 3655 1116 3721 forma

57 3761 319 3843 monosyllaba:
344 3782 466 3842 quam,
494 3766 754 3840 inter'ceteros,
776 3764 991 3831 Neomanirus
1010 3765 1115 3830 talem

40 3874 200 3935 =omnino
228 3871 359 3945 euoluit
386 3874 404 3953 (
416 3873 457 3935 ln
476 3874 598 3938 Genesi
620 3873 717 3959 Ling.
740 3877 851 3939 sanct.
873 3876 946 3939 vot.
968 3877 1060 3939 Test.
1073 3879 1114 3960 ),

58 3985 101 4064 n}
118 3980 231 4066 (jo),
251 3993 284 4041 et
306 3985 350 4064 n]
380 3982 493 4064 (vo),
523 3989 551 4049 tt
574 3978 666 4070 (hel
698 3984 932 4065 adspiratione
948 3996 1114 4064 sonante,

37 4091 133 4169 jah,
153 4094 229 4161 volr.
266 4093 523 4173 Hocalterum,
544 4117 629 4160 sono
653 4077 817 4175 vicinius,
838 4098 983 4163 etidem
1004 4092 1113 4161 om'm'-
1148 4105 1153 4117 “
1275 4124 1281 4191 2

56 4215 101 4264 uo
126 4197 400 4290 significatione,
426 4201 542 4302 palam
567 4218 617 4271 est
643 4223 821 4273 commune
846 4194 946 4274 nobis
973 4227 1047 4272 esse
1070 4210 1112 4274 de

1284 3968 1296 4011 l
