<?xml version="1.0" encoding="UTF-8"?>
<!DOCTYPE html PUBLIC "-//W3C//DTD XHTML 1.0 Transitional//EN"
    "http://www.w3.org/TR/xhtml1/DTD/xhtml1-transitional.dtd">
<html xmlns="http://www.w3.org/1999/xhtml" xml:lang="en" lang="en">
 <head>
  <title>
</title>
<meta http-equiv="Content-Type" content="text/html;charset=utf-8" />
  <meta name='ocr-system' content='tesseract 3.04.00' />
  <meta name='ocr-capabilities' content='ocr_page ocr_carea ocr_par ocr_line ocrx_word'/>
</head>
<body>
  <div class='ocr_page' id='page_1' title='image "./elaboratiorgram00simogoog_0264.png"; bbox 0 0 2700 4830; ppageno 0'>
   <div class='ocr_carea' id='block_1_1' title="bbox 912 143 918 185">
    <p class='ocr_par' dir='ltr' id='par_1_1' title="bbox 912 143 918 185">
     <span class='ocr_line' id='line_1_1' title="bbox 912 143 918 185; baseline 0 0"><span class='ocrx_word' id='word_1_1' title='bbox 912 143 918 185; x_wconf 87' lang='lat' dir='ltr'><strong>l</strong></span> 
     </span>
    </p>
   </div>
   <div class='ocr_carea' id='block_1_2' title="bbox 294 278 1145 409">
    <p class='ocr_par' dir='ltr' id='par_1_2' title="bbox 294 278 1145 409">
     <span class='ocr_line' id='line_1_2' title="bbox 294 278 1145 409; baseline 0.018 -42"><span class='ocrx_word' id='word_1_2' title='bbox 294 297 326 391; x_wconf 74' lang='lat' dir='ltr'><strong>s.</strong></span> <span class='ocrx_word' id='word_1_3' title='bbox 346 301 402 370; x_wconf 80' lang='lat' dir='ltr'><strong>tv.</strong></span> <span class='ocrx_word' id='word_1_4' title='bbox 424 302 461 368; x_wconf 90' lang='lat' dir='ltr'><strong>c.</strong></span> <span class='ocrx_word' id='word_1_5' title='bbox 482 302 636 372; x_wconf 80' lang='lat' dir='ltr'><strong>Mouvs</strong></span> <span class='ocrx_word' id='word_1_6' title='bbox 653 278 935 409; x_wconf 65' lang='lat' dir='ltr'><strong>trinutum.</strong></span> <span class='ocrx_word' id='word_1_7' title='bbox 1085 300 1145 396; x_wconf 66' lang='lat'><strong>7⁵31</strong></span> 
     </span>
    </p>
   </div>
   <div class='ocr_carea' id='block_1_3' title="bbox 30 452 1272 2077">
    <p class='ocr_par' dir='ltr' id='par_1_3' title="bbox 30 452 1272 2077">
     <span class='ocr_line' id='line_1_3' title="bbox 83 452 1151 560; baseline 0.01 -30"><span class='ocrx_word' id='word_1_8' title='bbox 83 466 244 532; x_wconf 81' lang='lat' dir='ltr'><strong>verbalia.</strong></span> <span class='ocrx_word' id='word_1_9' title='bbox 261 466 531 560; x_wconf 61' lang='lat' dir='ltr'><strong>,distollituttotitu</strong></span> <span class='ocrx_word' id='word_1_10' title='bbox 549 470 630 551; x_wconf 72' lang='lat' dir='ltr'><strong>[sibit</strong></span> <span class='ocrx_word' id='word_1_11' title='bbox 649 488 714 554; x_wconf 65' lang='lat' dir='ltr'><strong>tutu</strong></span> <span class='ocrx_word' id='word_1_12' title='bbox 731 471 865 543; x_wconf 62' lang='lat' dir='ltr'><strong>berich</strong></span> <span class='ocrx_word' id='word_1_13' title='bbox 876 452 1089 551; x_wconf 55' lang='lat' dir='ltr'><strong>&amp;obtundet</strong></span> <span class='ocrx_word' id='word_1_14' title='bbox 1101 495 1151 541; x_wconf 75' lang='lat' dir='ltr'><strong>eru</strong></span> 
     </span>
     <span class='ocr_line' id='line_1_4' title="bbox 83 576 1159 672; baseline 0.004 -27"><span class='ocrx_word' id='word_1_15' title='bbox 83 581 189 659; x_wconf 76' lang='lat' dir='ltr'><strong>bobert.</strong></span> <span class='ocrx_word' id='word_1_16' title='bbox 222 578 345 649; x_wconf 78' lang='lat' dir='ltr'><strong>Iahnus</strong></span> <span class='ocrx_word' id='word_1_17' title='bbox 372 576 434 662; x_wconf 89' lang='lat' dir='ltr'><strong>(in</strong></span> <span class='ocrx_word' id='word_1_18' title='bbox 454 580 685 646; x_wconf 72' lang='lat' dir='ltr'><strong>Grammaticis</strong></span> <span class='ocrx_word' id='word_1_19' title='bbox 704 584 845 648; x_wconf 83' lang='lat' dir='ltr'><strong>Arabica</strong></span> <span class='ocrx_word' id='word_1_20' title='bbox 866 603 946 672; x_wconf 83' lang='lat' dir='ltr'><strong>pag.</strong></span> <span class='ocrx_word' id='word_1_21' title='bbox 968 588 1066 672; x_wconf 77' lang='lat'>182.)</span> <span class='ocrx_word' id='word_1_22' title='bbox 1091 596 1159 649; x_wconf 76' lang='lat' dir='ltr'><strong>rto-¹</strong></span> 
     </span>
     <span class='ocr_line' id='line_1_5' title="bbox 76 689 1174 779; baseline 0.01 -27"><span class='ocrx_word' id='word_1_23' title='bbox 76 699 140 752; x_wconf 83' lang='lat' dir='ltr'><strong>&#39;cat</strong></span> <span class='ocrx_word' id='word_1_24' title='bbox 163 691 305 775; x_wconf 78' lang='lat' dir='ltr'><strong>nomina</strong></span> <span class='ocrx_word' id='word_1_25' title='bbox 322 693 490 767; x_wconf 84' lang='lat' dir='ltr'><strong>actionis,</strong></span> <span class='ocrx_word' id='word_1_26' title='bbox 513 689 715 764; x_wconf 71' lang='lat' dir='ltr'><strong>btruuudrttr</strong></span> <span class='ocrx_word' id='word_1_27' title='bbox 731 697 780 761; x_wconf 82' lang='lat' dir='ltr'><strong>ber</strong></span> <span class='ocrx_word' id='word_1_28' title='bbox 799 693 978 778; x_wconf 61' lang='lat' dir='ltr'><strong>boeotum·</strong></span> <span class='ocrx_word' id='word_1_29' title='bbox 1169 765 1174 779; x_wconf 59' lang='grc'><strong>,</strong></span> 
     </span>
     <span class='ocr_line' id='line_1_6' title="bbox 179 786 1150 890; baseline 0.006 -29"><span class='ocrx_word' id='word_1_30' title='bbox 179 786 294 870; x_wconf 79' lang='lat' dir='ltr'><strong>Tanto</strong></span> <span class='ocrx_word' id='word_1_31' title='bbox 314 801 424 890; x_wconf 80' lang='lat' dir='ltr'><strong>magis</strong></span> <span class='ocrx_word' id='word_1_32' title='bbox 444 821 485 864; x_wconf 91' lang='lat' dir='ltr'><strong>eo</strong></span> <span class='ocrx_word' id='word_1_33' title='bbox 509 813 588 864; x_wconf 87' lang='lat' dir='ltr'><strong>sunt</strong></span> <span class='ocrx_word' id='word_1_34' title='bbox 610 801 746 882; x_wconf 87' lang='lat' dir='ltr'><strong>valore,</strong></span> <span class='ocrx_word' id='word_1_35' title='bbox 770 816 805 866; x_wconf 93' lang='lat' dir='ltr'><strong>et</strong></span> <span class='ocrx_word' id='word_1_36' title='bbox 826 806 959 882; x_wconf 87' lang='lat' dir='ltr'><strong>nostri,</strong></span> <span class='ocrx_word' id='word_1_37' title='bbox 981 817 1015 866; x_wconf 91' lang='lat' dir='ltr'><strong>et</strong></span> <span class='ocrx_word' id='word_1_38' title='bbox 1033 800 1150 867; x_wconf 87' lang='lat' dir='ltr'><strong>Estho·</strong></span> 
     </span>
     <span class='ocr_line' id='line_1_7' title="bbox 82 907 1149 1000; baseline 0 -28"><span class='ocrx_word' id='word_1_39' title='bbox 82 908 153 972; x_wconf 86' lang='lat' dir='ltr'><strong>uici</strong></span> <span class='ocrx_word' id='word_1_40' title='bbox 159 953 172 985; x_wconf 91' lang='lat'><strong>,</strong></span> <span class='ocrx_word' id='word_1_41' title='bbox 195 920 230 971; x_wconf 91' lang='lat' dir='ltr'><strong>et</strong></span> <span class='ocrx_word' id='word_1_42' title='bbox 254 911 381 993; x_wconf 85' lang='lat' dir='ltr'><strong>Syriaci</strong></span> <span class='ocrx_word' id='word_1_43' title='bbox 407 907 591 987; x_wconf 79' lang='lat' dir='ltr'><strong>infinitiui,</strong></span> <span class='ocrx_word' id='word_1_44' title='bbox 612 924 751 994; x_wconf 84' lang='lat' dir='ltr'><strong>accepto</strong></span> <span class='ocrx_word' id='word_1_45' title='bbox 773 925 954 1000; x_wconf 78' lang='lat' dir='ltr'><strong>augmento</strong></span> <span class='ocrx_word' id='word_1_46' title='bbox 977 915 1149 975; x_wconf 77' lang='lat' dir='ltr'><strong>actionem</strong></span> 
     </span>
     <span class='ocr_line' id='line_1_8' title="bbox 83 1016 1150 1104; baseline 0.007 -26"><span class='ocrx_word' id='word_1_47' title='bbox 83 1016 308 1103; x_wconf 76' lang='lat' dir='ltr'><strong>significante.</strong></span> <span class='ocrx_word' id='word_1_48' title='bbox 332 1018 480 1083; x_wconf 78' lang='lat' dir='ltr'><strong>Nomina</strong></span> <span class='ocrx_word' id='word_1_49' title='bbox 499 1019 635 1098; x_wconf 89' lang='lat' dir='ltr'><strong>valent,</strong></span> <span class='ocrx_word' id='word_1_50' title='bbox 655 1040 761 1103; x_wconf 89' lang='lat' dir='ltr'><strong>eaque</strong></span> <span class='ocrx_word' id='word_1_51' title='bbox 779 1024 996 1104; x_wconf 82' lang='lat' dir='ltr'><strong>potissimum</strong></span> <span class='ocrx_word' id='word_1_52' title='bbox 1014 1025 1048 1087; x_wconf 90' lang='lat' dir='ltr'><strong>iu</strong></span> <span class='ocrx_word' id='word_1_53' title='bbox 1070 1041 1150 1087; x_wconf 86' lang='lat' dir='ltr'><strong>casu</strong></span> 
     </span>
     <span class='ocr_line' id='line_1_9' title="bbox 84 1128 1149 1218; baseline 0.004 -27"><span class='ocrx_word' id='word_1_54' title='bbox 84 1130 297 1206; x_wconf 82' lang='lat' dir='ltr'><strong>accusatiuo,</strong></span> <span class='ocrx_word' id='word_1_55' title='bbox 319 1128 374 1192; x_wconf 89' lang='lat' dir='ltr'><strong>vel</strong></span> <span class='ocrx_word' id='word_1_56' title='bbox 404 1130 642 1207; x_wconf 84' lang='lat' dir='ltr'><strong>nominatiuo,</strong></span> <span class='ocrx_word' id='word_1_57' title='bbox 671 1143 708 1193; x_wconf 89' lang='lat' dir='ltr'><strong>vt</strong></span> <span class='ocrx_word' id='word_1_58' title='bbox 735 1131 839 1192; x_wconf 88' lang='lat' dir='ltr'><strong>verba</strong></span> <span class='ocrx_word' id='word_1_59' title='bbox 866 1128 961 1195; x_wconf 87' lang='lat' dir='ltr'><strong>finita</strong></span> <span class='ocrx_word' id='word_1_60' title='bbox 983 1133 1149 1218; x_wconf 78' lang='lat' dir='ltr'><strong>exigunt,</strong></span> 
     </span>
     <span class='ocr_line' id='line_1_10' title="bbox 81 1220 1149 1321; baseline 0.002 -21"><span class='ocrx_word' id='word_1_61' title='bbox 81 1238 202 1319; x_wconf 84' lang='lat' dir='ltr'><strong>quibus</strong></span> <span class='ocrx_word' id='word_1_62' title='bbox 229 1240 421 1321; x_wconf 83' lang='lat' dir='ltr'><strong>iunguntur.</strong></span> <span class='ocrx_word' id='word_1_63' title='bbox 455 1220 733 1302; x_wconf 79' lang='lat' dir='ltr'><strong>constructiones</strong></span> <span class='ocrx_word' id='word_1_64' title='bbox 761 1242 868 1317; x_wconf 87' lang='lat' dir='ltr'><strong>istae,</strong></span> <span class='ocrx_word' id='word_1_65' title='bbox 902 1243 970 1303; x_wconf 73' lang='lat' dir='ltr'><strong>troi</strong></span> <span class='ocrx_word' id='word_1_66' title='bbox 998 1242 1149 1319; x_wconf 82' lang='lat' dir='ltr'><strong>alrorolr,</strong></span> 
     </span>
     <span class='ocr_line' id='line_1_11' title="bbox 83 1322 1152 1430; baseline 0.002 -21"><span class='ocrx_word' id='word_1_67' title='bbox 83 1322 200 1430; x_wconf 78' lang='lat' dir='ltr'><strong>tetseilr</strong></span> <span class='ocrx_word' id='word_1_68' title='bbox 214 1347 301 1421; x_wconf 68' lang='lat' dir='ltr'><strong>Irni,</strong></span> <span class='ocrx_word' id='word_1_69' title='bbox 317 1328 463 1405; x_wconf 76' lang='lat' dir='ltr'><strong>scribere</strong></span> <span class='ocrx_word' id='word_1_70' title='bbox 481 1343 581 1420; x_wconf 90' lang='lat' dir='ltr'><strong>volo,</strong></span> <span class='ocrx_word' id='word_1_71' title='bbox 601 1347 713 1425; x_wconf 88' lang='lat' dir='ltr'><strong>placet</strong></span> <span class='ocrx_word' id='word_1_72' title='bbox 731 1349 878 1410; x_wconf 87' lang='lat' dir='ltr'><strong>seribere</strong></span> <span class='ocrx_word' id='word_1_73' title='bbox 887 1391 899 1422; x_wconf 90' lang='lat'><strong>,</strong></span> <span class='ocrx_word' id='word_1_74' title='bbox 920 1361 1011 1411; x_wconf 91' lang='lat' dir='ltr'><strong>certe</strong></span> <span class='ocrx_word' id='word_1_75' title='bbox 1030 1346 1152 1412; x_wconf 87' lang='lat' dir='ltr'><strong>harum</strong></span> 
     </span>
     <span class='ocr_line' id='line_1_12' title="bbox 51 1440 1272 1539; baseline 0.003 -23"><span class='ocrx_word' id='word_1_76' title='bbox 51 1440 55 1447; x_wconf 47' lang='lat'><strong>¹</strong></span> <span class='ocrx_word' id='word_1_77' title='bbox 84 1468 164 1516; x_wconf 89' lang='lat' dir='ltr'><strong>sunt</strong></span> <span class='ocrx_word' id='word_1_78' title='bbox 176 1452 339 1514; x_wconf 77' lang='lat' dir='ltr'>vicariae:</span> <span class='ocrx_word' id='word_1_79' title='bbox 363 1452 448 1514; x_wconf 67' lang='lat' dir='ltr'><strong>trust</strong></span> <span class='ocrx_word' id='word_1_80' title='bbox 465 1453 594 1511; x_wconf 74' lang='lat' dir='ltr'><strong>altarolr</strong></span> <span class='ocrx_word' id='word_1_81' title='bbox 606 1494 616 1528; x_wconf 94' lang='lat'><strong>,</strong></span> <span class='ocrx_word' id='word_1_82' title='bbox 629 1456 748 1533; x_wconf 76' lang='lat' dir='ltr'><strong>tetszile</strong></span> <span class='ocrx_word' id='word_1_83' title='bbox 767 1478 807 1517; x_wconf 83' lang='lat' dir='ltr'><strong>oz</strong></span> <span class='ocrx_word' id='word_1_84' title='bbox 826 1459 917 1536; x_wconf 73' lang='lat' dir='ltr'><strong>treis,</strong></span> <span class='ocrx_word' id='word_1_85' title='bbox 929 1459 1155 1539; x_wconf 75' lang='lat' dir='ltr'><strong>scriptionem</strong></span> <span class='ocrx_word' id='word_1_86' title='bbox 1266 1440 1272 1449; x_wconf 60' lang='grc'><strong>’</strong></span> 
     </span>
     <span class='ocr_line' id='line_1_13' title="bbox 82 1536 1151 1643; baseline 0.005 -20"><span class='ocrx_word' id='word_1_87' title='bbox 82 1559 164 1623; x_wconf 88' lang='grc' dir='ltr'><strong>νοῙο</strong></span> <span class='ocrx_word' id='word_1_88' title='bbox 175 1606 188 1638; x_wconf 88' lang='grc'><em>,</em></span> <span class='ocrx_word' id='word_1_89' title='bbox 209 1557 323 1640; x_wconf 79' lang='lat' dir='ltr'><strong>placet</strong></span> <span class='ocrx_word' id='word_1_90' title='bbox 351 1559 510 1640; x_wconf 88' lang='lat' dir='ltr'><strong>scriptio,</strong></span> <span class='ocrx_word' id='word_1_91' title='bbox 535 1560 607 1620; x_wconf 90' lang='lat' dir='ltr'><strong>imo</strong></span> <span class='ocrx_word' id='word_1_92' title='bbox 630 1560 805 1622; x_wconf 81' lang='lat' dir='ltr'><strong>auctiores.</strong></span> <span class='ocrx_word' id='word_1_93' title='bbox 822 1565 950 1643; x_wconf 80' lang='lat' dir='ltr'><strong>ctiam,</strong></span> <span class='ocrx_word' id='word_1_94' title='bbox 980 1536 1151 1629; x_wconf 76' lang='lat' dir='ltr'><strong>scribendi</strong></span> 
     </span>
     <span class='ocr_line' id='line_1_14' title="bbox 81 1666 1154 1757; baseline 0.006 -26"><span class='ocrx_word' id='word_1_95' title='bbox 81 1671 254 1732; x_wconf 77' lang='lat' dir='ltr'><strong>actionem</strong></span> <span class='ocrx_word' id='word_1_96' title='bbox 275 1667 373 1744; x_wconf 91' lang='lat' dir='ltr'><strong>volo,</strong></span> <span class='ocrx_word' id='word_1_97' title='bbox 397 1666 509 1748; x_wconf 83' lang='lat' dir='ltr'><strong>placet</strong></span> <span class='ocrx_word' id='word_1_98' title='bbox 530 1667 698 1729; x_wconf 86' lang='lat' dir='ltr'><strong>scribendi</strong></span> <span class='ocrx_word' id='word_1_99' title='bbox 718 1671 823 1730; x_wconf 86' lang='lat' dir='ltr'><strong>actio.</strong></span> <span class='ocrx_word' id='word_1_100' title='bbox 846 1670 906 1732; x_wconf 88' lang='lat' dir='ltr'><strong>Est</strong></span> <span class='ocrx_word' id='word_1_101' title='bbox 923 1670 988 1735; x_wconf 84' lang='lat' dir='ltr'><strong>hoc</strong></span> <span class='ocrx_word' id='word_1_102' title='bbox 1007 1676 1154 1757; x_wconf 89' lang='lat' dir='ltr'><strong>cumpri-</strong></span> 
     </span>
     <span class='ocr_line' id='line_1_15' title="bbox 82 1771 1215 1863; baseline 0.005 -23"><span class='ocrx_word' id='word_1_103' title='bbox 82 1779 148 1840; x_wconf 86' lang='lat' dir='ltr'><strong>mis</strong></span> <span class='ocrx_word' id='word_1_104' title='bbox 168 1777 328 1839; x_wconf 83' lang='lat' dir='ltr'><strong>vsitatum</strong></span> <span class='ocrx_word' id='word_1_105' title='bbox 351 1776 554 1848; x_wconf 63' lang='lat' dir='ltr'><strong>Germanis,</strong></span> <span class='ocrx_word' id='word_1_106' title='bbox 574 1788 610 1838; x_wconf 91' lang='lat' dir='ltr'><strong>vt</strong></span> <span class='ocrx_word' id='word_1_107' title='bbox 629 1771 820 1839; x_wconf 84' lang='lat' dir='ltr'><strong>infinitiuos</strong></span> <span class='ocrx_word' id='word_1_108' title='bbox 840 1797 905 1860; x_wconf 92' lang='lat' dir='ltr'><strong>pro</strong></span> <span class='ocrx_word' id='word_1_109' title='bbox 934 1780 1017 1863; x_wconf 87' lang='lat' dir='ltr'><strong>ipsis</strong></span> <span class='ocrx_word' id='word_1_110' title='bbox 1047 1785 1161 1845; x_wconf 78' lang='lat' dir='ltr'><strong>actio-¹</strong></span> <span class='ocrx_word' id='word_1_111' title='bbox 1212 1808 1215 1813; x_wconf 92' lang='lat'>·</span> 
     </span>
     <span class='ocr_line' id='line_1_16' title="bbox 81 1882 1153 1971; baseline 0.004 -21"><span class='ocrx_word' id='word_1_112' title='bbox 81 1906 162 1950; x_wconf 89' lang='lat' dir='ltr'><strong>num</strong></span> <span class='ocrx_word' id='word_1_113' title='bbox 191 1885 413 1949; x_wconf 83' lang='lat' dir='ltr'><strong>substantiuis</strong></span> <span class='ocrx_word' id='word_1_114' title='bbox 442 1882 644 1949; x_wconf 74' lang='lat' dir='ltr'><strong>adhibeant:</strong></span> <span class='ocrx_word' id='word_1_115' title='bbox 680 1889 739 1954; x_wconf 70' lang='lat' dir='ltr'><strong>bui</strong></span> <span class='ocrx_word' id='word_1_116' title='bbox 770 1889 958 1968; x_wconf 52' lang='lat' dir='ltr'><strong>&amp;tribum</strong></span> <span class='ocrx_word' id='word_1_117' title='bbox 988 1889 1153 1971; x_wconf 79' lang='lat' dir='ltr'><strong>scriptio,</strong></span> 
     </span>
     <span class='ocr_line' id='line_1_17' title="bbox 30 1998 1006 2077; baseline -0.004 -13"><span class='ocrx_word' id='word_1_118' title='bbox 30 2006 33 2011; x_wconf 90' lang='lat'>&#39;</span> <span class='ocrx_word' id='word_1_119' title='bbox 84 1998 253 2064; x_wconf 89' lang='lat' dir='ltr'><strong>scribendi</strong></span> <span class='ocrx_word' id='word_1_120' title='bbox 277 1998 391 2073; x_wconf 82' lang='lat' dir='ltr'><strong>acti03</strong></span> <span class='ocrx_word' id='word_1_121' title='bbox 415 2002 474 2065; x_wconf 71' lang='lat' dir='ltr'><strong>bod</strong></span> <span class='ocrx_word' id='word_1_122' title='bbox 494 1998 603 2077; x_wconf 72' lang='lat' dir='ltr'><strong>lebet,</strong></span> <span class='ocrx_word' id='word_1_123' title='bbox 627 1999 716 2076; x_wconf 86' lang='lat' dir='ltr'><strong>vita,</strong></span> <span class='ocrx_word' id='word_1_124' title='bbox 739 1999 878 2063; x_wconf 81' lang='lat' dir='ltr'><strong>uiuendi</strong></span> <span class='ocrx_word' id='word_1_125' title='bbox 901 2000 1006 2063; x_wconf 87' lang='lat' dir='ltr'><strong>actio.</strong></span> 
     </span>
    </p>
   </div>
   <div class='ocr_carea' id='block_1_4' title="bbox 94 2084 1316 2192">
    <p class='ocr_par' dir='ltr' id='par_1_4' title="bbox 94 2084 1316 2192">
     <span class='ocr_line' id='line_1_18' title="bbox 94 2084 1316 2192; baseline 0 -20"><span class='ocrx_word' id='word_1_126' title='bbox 94 2148 98 2157; x_wconf 85' lang='lat'>·</span> <span class='ocrx_word' id='word_1_127' title='bbox 177 2108 313 2172; x_wconf 90' lang='lat' dir='ltr'><strong>Turcici</strong></span> <span class='ocrx_word' id='word_1_128' title='bbox 341 2106 505 2172; x_wconf 86' lang='lat' dir='ltr'><strong>infinitiui</strong></span> <span class='ocrx_word' id='word_1_129' title='bbox 536 2106 758 2173; x_wconf 84' lang='lat' dir='ltr'><strong>formatiuum</strong></span> <span class='ocrx_word' id='word_1_130' title='bbox 792 2123 844 2172; x_wconf 90' lang='lat' dir='ltr'><strong>est</strong></span> <span class='ocrx_word' id='word_1_131' title='bbox 874 2129 982 2192; x_wconf 79' lang='lat' dir='ltr'><strong>seque</strong></span> <span class='ocrx_word' id='word_1_132' title='bbox 1015 2108 1154 2192; x_wconf 85' lang='lat' dir='ltr'><strong>syllabi-</strong></span> <span class='ocrx_word' id='word_1_133' title='bbox 1198 2184 1201 2189; x_wconf 27' lang='lat'><em>¹</em></span> <span class='ocrx_word' id='word_1_134' title='bbox 1254 2084 1258 2089; x_wconf 34' lang='lat'>⁵</span> <span class='ocrx_word' id='word_1_135' title='bbox 1311 2108 1316 2116; x_wconf 88' lang='lat'>&#39;</span> 
     </span>
    </p>
   </div>
   <div class='ocr_carea' id='block_1_5' title="bbox 32 2218 1264 3942">
    <p class='ocr_par' dir='ltr' id='par_1_5' title="bbox 82 2218 1220 2632">
     <span class='ocr_line' id='line_1_19' title="bbox 83 2218 1206 2308; baseline 0.001 -26"><span class='ocrx_word' id='word_1_136' title='bbox 83 2239 182 2296; x_wconf 89' lang='lat' dir='ltr'><strong>cum,</strong></span> <span class='ocrx_word' id='word_1_137' title='bbox 203 2232 237 2283; x_wconf 91' lang='lat' dir='ltr'><strong>et</strong></span> <span class='ocrx_word' id='word_1_138' title='bbox 259 2221 386 2282; x_wconf 88' lang='lat' dir='ltr'><strong>auctius</strong></span> <span class='ocrx_word' id='word_1_139' title='bbox 413 2218 606 2299; x_wconf 84' lang='lat' dir='ltr'><strong>prioribus,</strong></span> <span class='ocrx_word' id='word_1_140' title='bbox 627 2221 738 2284; x_wconf 84' lang='lat' dir='ltr'><strong>vocali</strong></span> <span class='ocrx_word' id='word_1_141' title='bbox 759 2230 983 2308; x_wconf 77' lang='lat' dir='ltr'><strong>congruenter</strong></span> <span class='ocrx_word' id='word_1_142' title='bbox 1003 2233 1154 2301; x_wconf 79' lang='lat' dir='ltr'><strong>mutata,</strong></span> <span class='ocrx_word' id='word_1_143' title='bbox 1203 2255 1206 2261; x_wconf 83' lang='lat'><strong>·</strong></span> 
     </span>
     <span class='ocr_line' id='line_1_20' title="bbox 82 2328 1156 2419; baseline 0 -27"><span class='ocrx_word' id='word_1_144' title='bbox 82 2333 174 2407; x_wconf 77' lang='lat' dir='ltr'><strong>met,</strong></span> <span class='ocrx_word' id='word_1_145' title='bbox 200 2331 297 2392; x_wconf 81' lang='lat' dir='ltr'><strong>mols:</strong></span> <span class='ocrx_word' id='word_1_146' title='bbox 318 2328 412 2389; x_wconf 87' lang='lat' dir='ltr'><strong>cuins</strong></span> <span class='ocrx_word' id='word_1_147' title='bbox 437 2329 634 2391; x_wconf 82' lang='lat' dir='ltr'><strong>accessione</strong></span> <span class='ocrx_word' id='word_1_148' title='bbox 661 2330 706 2407; x_wconf 85' lang='lat' dir='ltr'><strong>ad</strong></span> <span class='ocrx_word' id='word_1_149' title='bbox 733 2331 1076 2419; x_wconf 23' lang='lat' dir='ltr'><strong>radices,&#39;sew·melr</strong></span> <span class='ocrx_word' id='word_1_150' title='bbox 1103 2341 1156 2393; x_wconf 90' lang='lat' dir='ltr'><strong>est</strong></span> 
     </span>
     <span class='ocr_line' id='line_1_21' title="bbox 84 2434 1155 2523; baseline -0.001 -21"><span class='ocrx_word' id='word_1_151' title='bbox 84 2458 217 2516; x_wconf 84' lang='lat' dir='ltr'><strong>amare,</strong></span> <span class='ocrx_word' id='word_1_152' title='bbox 231 2439 413 2513; x_wconf 78' lang='lat' dir='ltr'><strong>bak-malr,</strong></span> <span class='ocrx_word' id='word_1_153' title='bbox 437 2436 632 2517; x_wconf 79' lang='lat' dir='ltr'><strong>adspicere3</strong></span> <span class='ocrx_word' id='word_1_154' title='bbox 655 2440 801 2523; x_wconf 82' lang='lat' dir='ltr'><strong>genuine</strong></span> <span class='ocrx_word' id='word_1_155' title='bbox 820 2460 922 2516; x_wconf 89' lang='lat' dir='ltr'><strong>vero,</strong></span> <span class='ocrx_word' id='word_1_156' title='bbox 945 2441 1083 2504; x_wconf 84' lang='lat' dir='ltr'><strong>amandi</strong></span> <span class='ocrx_word' id='word_1_157' title='bbox 1105 2434 1155 2502; x_wconf 90' lang='lat' dir='ltr'><strong>ef-</strong></span> 
     </span>
     <span class='ocr_line' id='line_1_22' title="bbox 82 2527 1220 2632; baseline -0.002 -19"><span class='ocrx_word' id='word_1_158' title='bbox 82 2550 210 2626; x_wconf 78' lang='lat' dir='ltr'><strong>fectio,</strong></span> <span class='ocrx_word' id='word_1_159' title='bbox 232 2527 420 2630; x_wconf 83' lang='lat' dir='ltr'><strong>perfectio,</strong></span> <span class='ocrx_word' id='word_1_160' title='bbox 450 2544 645 2624; x_wconf 89' lang='lat' dir='ltr'><strong>absolutio,</strong></span> <span class='ocrx_word' id='word_1_161' title='bbox 669 2548 907 2626; x_wconf 84' lang='lat' dir='ltr'><strong>consumatio3</strong></span> <span class='ocrx_word' id='word_1_162' title='bbox 939 2549 1155 2632; x_wconf 84' lang='lat' dir='ltr'><strong>adspiciendi</strong></span> <span class='ocrx_word' id='word_1_163' title='bbox 1214 2530 1220 2537; x_wconf 41' lang='lat'><em>⁶</em></span> 
     </span>
    </p>

    <p class='ocr_par' dir='ltr' id='par_1_6' title="bbox 32 2650 1264 3631">
     <span class='ocr_line' id='line_1_23' title="bbox 77 2650 1246 2746; baseline 0 -23"><span class='ocrx_word' id='word_1_164' title='bbox 77 2650 235 2734; x_wconf 55' lang='lat' dir='ltr'><strong>effectio,</strong></span> <span class='ocrx_word' id='word_1_165' title='bbox 249 2656 435 2742; x_wconf 77' lang='lat' dir='ltr'><strong>perfectio,</strong></span> <span class='ocrx_word' id='word_1_166' title='bbox 457 2656 644 2732; x_wconf 87' lang='lat' dir='ltr'><strong>absolutio,</strong></span> <span class='ocrx_word' id='word_1_167' title='bbox 666 2660 910 2733; x_wconf 77' lang='lat' dir='ltr'><strong>consumati03</strong></span> <span class='ocrx_word' id='word_1_168' title='bbox 933 2655 1154 2746; x_wconf 79' lang='lat' dir='ltr'><strong>significatio·</strong></span> <span class='ocrx_word' id='word_1_169' title='bbox 1241 2714 1246 2723; x_wconf 93' lang='lat'>.</span> 
     </span>
     <span class='ocr_line' id='line_1_24' title="bbox 32 2765 1155 2851; baseline -0.005 -17"><span class='ocrx_word' id='word_1_170' title='bbox 32 2780 36 2797; x_wconf 82' lang='lat'><strong>¹</strong></span> <span class='ocrx_word' id='word_1_171' title='bbox 84 2789 127 2834; x_wconf 88' lang='lat' dir='ltr'><strong>ne</strong></span> <span class='ocrx_word' id='word_1_172' title='bbox 138 2816 149 2847; x_wconf 93' lang='lat'><strong>,</strong></span> <span class='ocrx_word' id='word_1_173' title='bbox 170 2788 256 2851; x_wconf 80' lang='lat' dir='ltr'><strong>quae</strong></span> <span class='ocrx_word' id='word_1_174' title='bbox 276 2767 363 2833; x_wconf 87' lang='lat' dir='ltr'><strong>vltro</strong></span> <span class='ocrx_word' id='word_1_175' title='bbox 381 2765 605 2843; x_wconf 84' lang='lat' dir='ltr'><strong>conciliatur,</strong></span> <span class='ocrx_word' id='word_1_176' title='bbox 625 2767 893 2830; x_wconf 74' lang='lat' dir='ltr'><strong>nostrisvicina.</strong></span> <span class='ocrx_word' id='word_1_177' title='bbox 915 2766 1080 2832; x_wconf 84' lang='lat' dir='ltr'><strong>Hebraeis</strong></span> <span class='ocrx_word' id='word_1_178' title='bbox 1102 2780 1155 2829; x_wconf 89' lang='lat' dir='ltr'><strong>est</strong></span> 
     </span>
     <span class='ocr_line' id='line_1_25' title="bbox 78 2873 1157 2977; baseline -0.005 -34"><span class='ocrx_word' id='word_1_179' title='bbox 78 2879 228 2945; x_wconf 69' lang='lat' dir='ltr'><strong>uerbum</strong></span> <span class='ocrx_word' id='word_1_180' title='bbox 249 2882 325 2977; x_wconf 50' lang='lat' dir='ltr'><strong>up}</strong></span> <span class='ocrx_word' id='word_1_181' title='bbox 350 2877 522 2962; x_wconf 73' lang='lat' dir='ltr'><strong>(gdmor)</strong></span> <span class='ocrx_word' id='word_1_182' title='bbox 536 2923 547 2955; x_wconf 91' lang='lat'><strong>,</strong></span> <span class='ocrx_word' id='word_1_183' title='bbox 568 2873 730 2957; x_wconf 83' lang='lat' dir='ltr'><strong>perfecit,</strong></span> <span class='ocrx_word' id='word_1_184' title='bbox 743 2874 913 2955; x_wconf 86' lang='lat' dir='ltr'><strong>absoluit,</strong></span> <span class='ocrx_word' id='word_1_185' title='bbox 926 2875 1037 2943; x_wconf 85' lang='lat' dir='ltr'><strong>finiuit</strong></span> <span class='ocrx_word' id='word_1_186' title='bbox 1049 2924 1061 2956; x_wconf 92' lang='lat'><strong>,</strong></span> <span class='ocrx_word' id='word_1_187' title='bbox 1075 2894 1157 2939; x_wconf 91' lang='lat' dir='ltr'><strong>con·</strong></span> 
     </span>
     <span class='ocr_line' id='line_1_26' title="bbox 84 2975 1157 3073; baseline -0.006 -19"><span class='ocrx_word' id='word_1_188' title='bbox 84 2986 253 3065; x_wconf 78' lang='lat' dir='ltr'><strong>sumauit3</strong></span> <span class='ocrx_word' id='word_1_189' title='bbox 279 2991 361 3052; x_wconf 90' lang='lat' dir='ltr'><strong>item</strong></span> <span class='ocrx_word' id='word_1_190' title='bbox 383 3002 417 3051; x_wconf 91' lang='lat' dir='ltr'><strong>et</strong></span> <span class='ocrx_word' id='word_1_191' title='bbox 436 2988 604 3052; x_wconf 81' lang='lat' dir='ltr'><strong>Arabibus</strong></span> <span class='ocrx_word' id='word_1_192' title='bbox 625 2975 708 3073; x_wconf 62' lang='lat' dir='ltr'><strong>Sp?</strong></span> <span class='ocrx_word' id='word_1_193' title='bbox 731 2986 895 3071; x_wconf 74' lang='lat' dir='ltr'><strong>(komel)</strong></span> <span class='ocrx_word' id='word_1_194' title='bbox 919 2988 1042 3049; x_wconf 90' lang='lat' dir='ltr'><strong>eodem</strong></span> <span class='ocrx_word' id='word_1_195' title='bbox 1061 2985 1157 3048; x_wconf 88' lang='lat' dir='ltr'><strong>valo·</strong></span> 
     </span>
     <span class='ocr_line' id='line_1_27' title="bbox 84 3081 1155 3183; baseline -0.009 -14"><span class='ocrx_word' id='word_1_196' title='bbox 84 3084 145 3180; x_wconf 82' lang='lat' dir='ltr'><strong>re,</strong></span> <span class='ocrx_word' id='word_1_197' title='bbox 170 3099 300 3181; x_wconf 85' lang='lat' dir='ltr'><strong>effecit,</strong></span> <span class='ocrx_word' id='word_1_198' title='bbox 319 3101 472 3183; x_wconf 82' lang='lat' dir='ltr'><strong>perfecit.</strong></span> <span class='ocrx_word' id='word_1_199' title='bbox 497 3103 642 3166; x_wconf 88' lang='lat' dir='ltr'><strong>Omissis</strong></span> <span class='ocrx_word' id='word_1_200' title='bbox 667 3097 887 3163; x_wconf 76' lang='lat' dir='ltr'><strong>efformatiuis</strong></span> <span class='ocrx_word' id='word_1_201' title='bbox 908 3081 1155 3173; x_wconf 83' lang='lat' dir='ltr'><strong>differentibus,</strong></span> 
     </span>
     <span class='ocr_line' id='line_1_28' title="bbox 84 3202 1151 3306; baseline -0.006 -32"><span class='ocrx_word' id='word_1_202' title='bbox 84 3229 108 3285; x_wconf 66' lang='grc' dir='ltr'><strong>*ι</strong></span> <span class='ocrx_word' id='word_1_203' title='bbox 121 3214 273 3296; x_wconf 80' lang='lat' dir='ltr'><strong>(resch),</strong></span> <span class='ocrx_word' id='word_1_204' title='bbox 285 3224 319 3273; x_wconf 90' lang='lat' dir='ltr'><strong>et</strong></span> <span class='ocrx_word' id='word_1_205' title='bbox 337 3205 361 3288; x_wconf 69' lang='lat' dir='ltr'>S</span> <span class='ocrx_word' id='word_1_206' title='bbox 384 3212 401 3292; x_wconf 93' lang='lat'>(</span> <span class='ocrx_word' id='word_1_207' title='bbox 410 3214 518 3273; x_wconf 82' lang='lat' dir='ltr'><strong>lamed</strong></span> <span class='ocrx_word' id='word_1_208' title='bbox 527 3214 543 3306; x_wconf 90' lang='lat'>)</span> <span class='ocrx_word' id='word_1_209' title='bbox 554 3256 564 3286; x_wconf 96' lang='lat'><strong>,</strong></span> <span class='ocrx_word' id='word_1_210' title='bbox 577 3221 683 3272; x_wconf 88' lang='lat' dir='ltr'><strong>restat</strong></span> <span class='ocrx_word' id='word_1_211' title='bbox 693 3206 815 3269; x_wconf 85' lang='lat' dir='ltr'><strong>eadem</strong></span> <span class='ocrx_word' id='word_1_212' title='bbox 831 3205 988 3288; x_wconf 62' lang='lat' dir='ltr'><strong>radim}</strong></span> <span class='ocrx_word' id='word_1_213' title='bbox 1003 3202 1016 3284; x_wconf 91' lang='lat'>(</span> <span class='ocrx_word' id='word_1_214' title='bbox 1025 3203 1151 3290; x_wconf 73' lang='lat' dir='ltr'><strong>gum),</strong></span> 
     </span>
     <span class='ocr_line' id='line_1_29' title="bbox 86 3298 1264 3416; baseline -0.014 -25"><span class='ocrx_word' id='word_1_215' title='bbox 86 3340 120 3391; x_wconf 92' lang='lat' dir='ltr'><strong>et</strong></span> <span class='ocrx_word' id='word_1_216' title='bbox 132 3329 185 3416; x_wconf 65' lang='lat' dir='ltr'><strong>D?</strong></span> <span class='ocrx_word' id='word_1_217' title='bbox 201 3320 302 3407; x_wconf 82' lang='lat' dir='ltr'><strong>(Imm</strong></span> <span class='ocrx_word' id='word_1_218' title='bbox 314 3325 344 3407; x_wconf 60' lang='lat' dir='ltr'><strong>i,</strong></span> <span class='ocrx_word' id='word_1_219' title='bbox 357 3324 516 3387; x_wconf 88' lang='lat' dir='ltr'><strong>consonis</strong></span> <span class='ocrx_word' id='word_1_220' title='bbox 530 3322 693 3404; x_wconf 76' lang='lat' dir='ltr'><strong>palatinis</strong></span> <span class='ocrx_word' id='word_1_221' title='bbox 706 3373 716 3401; x_wconf 87' lang='lat'><strong>,</strong></span> <span class='ocrx_word' id='word_1_222' title='bbox 729 3337 747 3395; x_wconf 59' lang='grc' dir='ltr'><strong>χ</strong></span> <span class='ocrx_word' id='word_1_223' title='bbox 762 3311 911 3400; x_wconf 79' lang='lat' dir='ltr'><strong>(gimel)</strong></span> <span class='ocrx_word' id='word_1_224' title='bbox 927 3298 961 3378; x_wconf 67' lang='lat' dir='ltr'><strong>et&#39;</strong></span> <span class='ocrx_word' id='word_1_225' title='bbox 975 3326 997 3387; x_wconf 69' lang='lat'>2</span> <span class='ocrx_word' id='word_1_226' title='bbox 1009 3315 1152 3405; x_wconf 77' lang='lat' dir='ltr'><strong>(coph),</strong></span> <span class='ocrx_word' id='word_1_227' title='bbox 1261 3326 1264 3331; x_wconf 87' lang='lat'>&#39;</span> 
     </span>
     <span class='ocr_line' id='line_1_30' title="bbox 86 3425 1179 3521; baseline -0.013 -22"><span class='ocrx_word' id='word_1_228' title='bbox 86 3439 159 3500; x_wconf 86' lang='lat' dir='ltr'><strong>eius</strong></span> <span class='ocrx_word' id='word_1_229' title='bbox 182 3440 302 3521; x_wconf 81' lang='lat' dir='ltr'><strong>organi</strong></span> <span class='ocrx_word' id='word_1_230' title='bbox 325 3437 457 3517; x_wconf 88' lang='lat' dir='ltr'><strong>literis,</strong></span> <span class='ocrx_word' id='word_1_231' title='bbox 486 3437 521 3498; x_wconf 89' lang='lat' dir='ltr'><strong>in</strong></span> <span class='ocrx_word' id='word_1_232' title='bbox 547 3436 684 3498; x_wconf 84' lang='lat' dir='ltr'><strong>diuersa</strong></span> <span class='ocrx_word' id='word_1_233' title='bbox 707 3431 855 3496; x_wconf 76' lang='lat' dir='ltr'><strong>dialecto</strong></span> <span class='ocrx_word' id='word_1_234' title='bbox 883 3426 982 3491; x_wconf 84' lang='lat' dir='ltr'><strong>facile</strong></span> <span class='ocrx_word' id='word_1_235' title='bbox 996 3425 1179 3512; x_wconf 46' lang='lat' dir='ltr'><strong>varians„</strong></span> 
     </span>
     <span class='ocr_line' id='line_1_31' title="bbox 85 3532 1155 3631; baseline -0.007 -22"><span class='ocrx_word' id='word_1_236' title='bbox 85 3547 179 3609; x_wconf 86' lang='lat' dir='ltr'><strong>Haec</strong></span> <span class='ocrx_word' id='word_1_237' title='bbox 198 3548 289 3628; x_wconf 87' lang='lat' dir='ltr'><strong>apud</strong></span> <span class='ocrx_word' id='word_1_238' title='bbox 309 3532 451 3620; x_wconf 67' lang='lat' dir='ltr'><strong>Turcas,</strong></span> <span class='ocrx_word' id='word_1_239' title='bbox 475 3555 512 3609; x_wconf 90' lang='lat' dir='ltr'><strong>vt</strong></span> <span class='ocrx_word' id='word_1_240' title='bbox 531 3564 596 3631; x_wconf 79' lang='lat' dir='ltr'><strong>ego</strong></span> <span class='ocrx_word' id='word_1_241' title='bbox 618 3563 720 3620; x_wconf 91' lang='lat' dir='ltr'><strong>reor,</strong></span> <span class='ocrx_word' id='word_1_242' title='bbox 744 3543 786 3604; x_wconf 87' lang='lat' dir='ltr'><strong>de</strong></span> <span class='ocrx_word' id='word_1_243' title='bbox 805 3541 923 3626; x_wconf 75' lang='lat' dir='ltr'><strong>lingua</strong></span> <span class='ocrx_word' id='word_1_244' title='bbox 948 3536 1155 3624; x_wconf 70' lang='lat' dir='ltr'><strong>primigenia</strong></span> 
     </span>
    </p>

    <p class='ocr_par' dir='ltr' id='par_1_7' title="bbox 75 3630 1155 3739">
     <span class='ocr_line' id='line_1_32' title="bbox 75 3630 1155 3739; baseline -0.005 -24"><span class='ocrx_word' id='word_1_245' title='bbox 75 3630 232 3719; x_wconf 78' lang='lat' dir='ltr'><strong>¹inuttluit</strong></span> <span class='ocrx_word' id='word_1_246' title='bbox 252 3656 450 3739; x_wconf 84' lang='lat' dir='ltr'><strong>retrograda</strong></span> <span class='ocrx_word' id='word_1_247' title='bbox 472 3654 755 3736; x_wconf 86' lang='lat' dir='ltr'><strong>pronunciatione</strong></span> <span class='ocrx_word' id='word_1_248' title='bbox 766 3651 873 3729; x_wconf 64' lang='lat' dir='ltr'><strong>„mat</strong></span> <span class='ocrx_word' id='word_1_249' title='bbox 883 3694 894 3727; x_wconf 95' lang='lat'><strong>,</strong></span> <span class='ocrx_word' id='word_1_250' title='bbox 909 3651 1009 3727; x_wconf 78' lang='lat' dir='ltr'><strong>mel,</strong></span> <span class='ocrx_word' id='word_1_251' title='bbox 1036 3665 1079 3709; x_wconf 87' lang='lat' dir='ltr'><strong>ex</strong></span> <span class='ocrx_word' id='word_1_252' title='bbox 1097 3667 1155 3710; x_wconf 90' lang='lat' dir='ltr'><strong>ac·</strong></span> 
     </span>
    </p>

    <p class='ocr_par' dir='ltr' id='par_1_8' title="bbox 46 3738 1236 3942">
     <span class='ocr_line' id='line_1_33' title="bbox 46 3738 1236 3850; baseline -0.007 -22"><span class='ocrx_word' id='word_1_253' title='bbox 46 3808 52 3817; x_wconf 43' lang='grc' dir='ltr'><em>ι</em></span> <span class='ocrx_word' id='word_1_254' title='bbox 86 3765 264 3828; x_wconf 89' lang='lat' dir='ltr'><strong>commoda</strong></span> <span class='ocrx_word' id='word_1_255' title='bbox 285 3761 529 3850; x_wconf 86' lang='lat' dir='ltr'><strong>significatione</strong></span> <span class='ocrx_word' id='word_1_256' title='bbox 552 3761 734 3825; x_wconf 84' lang='lat' dir='ltr'><strong>formando</strong></span> <span class='ocrx_word' id='word_1_257' title='bbox 757 3755 928 3822; x_wconf 88' lang='lat' dir='ltr'><strong>infinitiuo</strong></span> <span class='ocrx_word' id='word_1_258' title='bbox 951 3757 1132 3821; x_wconf 85' lang='lat' dir='ltr'><strong>destinata.</strong></span> <span class='ocrx_word' id='word_1_259' title='bbox 1157 3844 1160 3849; x_wconf 25' lang='grc' dir='ltr'>Ι</span> <span class='ocrx_word' id='word_1_260' title='bbox 1232 3738 1236 3759; x_wconf 70' lang='grc'>’</span> 
     </span>
     <span class='ocr_line' id='line_1_34' title="bbox 183 3860 1165 3942; baseline -0.008 -4"><span class='ocrx_word' id='word_1_261' title='bbox 183 3874 295 3938; x_wconf 88' lang='lat' dir='ltr'><strong>Persis</strong></span> <span class='ocrx_word' id='word_1_262' title='bbox 312 3890 426 3935; x_wconf 87' lang='lat' dir='ltr'><strong>verum</strong></span> <span class='ocrx_word' id='word_1_263' title='bbox 447 3867 609 3935; x_wconf 89' lang='lat' dir='ltr'><strong>infinitiui</strong></span> <span class='ocrx_word' id='word_1_264' title='bbox 628 3869 849 3933; x_wconf 75' lang='lat' dir='ltr'><strong>formatiuum</strong></span> <span class='ocrx_word' id='word_1_265' title='bbox 868 3881 918 3932; x_wconf 86' lang='lat' dir='ltr'><strong>est</strong></span> <span class='ocrx_word' id='word_1_266' title='bbox 937 3891 978 3931; x_wconf 84' lang='lat' dir='ltr'><strong>ert</strong></span> <span class='ocrx_word' id='word_1_267' title='bbox 988 3912 999 3942; x_wconf 90' lang='lat'><em>‚</em></span> <span class='ocrx_word' id='word_1_268' title='bbox 1021 3860 1165 3930; x_wconf 78' lang='lat' dir='ltr'><strong>tantum</strong></span> 
     </span>
    </p>
   </div>
   <div class='ocr_carea' id='block_1_6' title="bbox 38 3962 1210 4283">
    <p class='ocr_par' dir='ltr' id='par_1_9' title="bbox 38 3962 1210 4283">
     <span class='ocr_line' id='line_1_35' title="bbox 50 3962 1210 4074; baseline -0.007 -28"><span class='ocrx_word' id='word_1_269' title='bbox 50 4064 60 4074; x_wconf 31' lang='lat'>⁸</span> <span class='ocrx_word' id='word_1_270' title='bbox 88 3962 221 4057; x_wconf 77' lang='lat' dir='ltr'><strong>voc&#39;ali,</strong></span> <span class='ocrx_word' id='word_1_271' title='bbox 252 4001 357 4062; x_wconf 88' lang='lat' dir='ltr'><strong>eaque</strong></span> <span class='ocrx_word' id='word_1_272' title='bbox 378 3980 586 4061; x_wconf 82' lang='lat' dir='ltr'><strong>praemissa,</strong></span> <span class='ocrx_word' id='word_1_273' title='bbox 609 3981 779 4042; x_wconf 86' lang='lat' dir='ltr'><strong>diuersum</strong></span> <span class='ocrx_word' id='word_1_274' title='bbox 802 3997 823 4042; x_wconf 86' lang='lat' dir='ltr'><strong>a</strong></span> <span class='ocrx_word' id='word_1_275' title='bbox 843 3990 963 4045; x_wconf 89' lang='lat' dir='ltr'><strong>nostro</strong></span> <span class='ocrx_word' id='word_1_276' title='bbox 980 3979 1040 4047; x_wconf 83' lang='lat' dir='ltr'><strong>ni,·</strong></span> <span class='ocrx_word' id='word_1_277' title='bbox 1063 3989 1153 4039; x_wconf 88' lang='lat' dir='ltr'><strong>certe</strong></span> <span class='ocrx_word' id='word_1_278' title='bbox 1207 4011 1210 4023; x_wconf 88' lang='lat'>·</span> 
     </span>
     <span class='ocr_line' id='line_1_36' title="bbox 86 4087 1154 4166; baseline -0.006 -13"><span class='ocrx_word' id='word_1_279' title='bbox 86 4094 207 4155; x_wconf 89' lang='lat' dir='ltr'><strong>eodem</strong></span> <span class='ocrx_word' id='word_1_280' title='bbox 236 4102 270 4153; x_wconf 88' lang='lat' dir='ltr'><strong>et</strong></span> <span class='ocrx_word' id='word_1_281' title='bbox 293 4088 357 4153; x_wconf 91' lang='lat' dir='ltr'><strong>hoc</strong></span> <span class='ocrx_word' id='word_1_282' title='bbox 381 4087 506 4153; x_wconf 86' lang='lat' dir='ltr'><strong>valore.</strong></span> <span class='ocrx_word' id='word_1_283' title='bbox 539 4090 662 4153; x_wconf 89' lang='lat' dir='ltr'><strong>Primis</strong></span> <span class='ocrx_word' id='word_1_284' title='bbox 680 4087 871 4166; x_wconf 77' lang='lat' dir='ltr'><strong>radicibus,</strong></span> <span class='ocrx_word' id='word_1_285' title='bbox 892 4107 968 4162; x_wconf 80' lang='lat' dir='ltr'><strong>res,</strong></span> <span class='ocrx_word' id='word_1_286' title='bbox 991 4087 1154 4164; x_wconf 80' lang='lat' dir='ltr'><strong>peruerti,</strong></span> 
     </span>
     <span class='ocr_line' id='line_1_37' title="bbox 38 4194 1154 4283; baseline -0.005 -18"><span class='ocrx_word' id='word_1_287' title='bbox 38 4194 45 4207; x_wconf 54' lang='lat'>⁸</span> <span class='ocrx_word' id='word_1_288' title='bbox 85 4204 164 4282; x_wconf 75' lang='lat' dir='ltr'><strong>dia,</strong></span> <span class='ocrx_word' id='word_1_289' title='bbox 183 4202 286 4278; x_wconf 85' lang='lat' dir='ltr'><strong>vide,</strong></span> <span class='ocrx_word' id='word_1_290' title='bbox 309 4199 490 4283; x_wconf 71' lang='lat' dir='ltr'><strong>praeteriti,</strong></span> <span class='ocrx_word' id='word_1_291' title='bbox 514 4197 699 4262; x_wconf 83' lang='lat' dir='ltr'><strong>formatiuo</strong></span> <span class='ocrx_word' id='word_1_292' title='bbox 730 4201 860 4280; x_wconf 76' lang='lat' dir='ltr'><strong>auctis,</strong></span> <span class='ocrx_word' id='word_1_293' title='bbox 880 4197 1005 4277; x_wconf 69' lang='lat' dir='ltr'><strong>rep-id,</strong></span> <span class='ocrx_word' id='word_1_294' title='bbox 1028 4197 1154 4279; x_wconf 51' lang='lat' dir='ltr'><strong>bra-td,</strong></span> 
     </span>
    </p>
   </div>
   <div class='ocr_carea' id='block_1_7' title="bbox 0 0 1360 4830">
    <p class='ocr_par' dir='ltr' id='par_1_10' title="bbox 0 0 1360 4830">
     <span class='ocr_line' id='line_1_38' title="bbox 0 0 1360 4830; baseline 0 0"><span class='ocrx_word' id='word_1_295' title='bbox 0 0 1360 4830; x_wconf 95' lang='lat' dir='ltr'><strong> </strong></span> 
     </span>
    </p>
   </div>
  </div>
 </body>
</html>
