2700 4830
276 302 474 406 su'cmun
494 288 1060 411 rorur'muursuurusrr.
1139 364 1208 433 945
1312 338 1315 343 ·

123 516 221 613 gdem
246 517 471 614 posteriora,
497 512 543 583 ab
560 511 762 610 Adeluugo
778 532 852 584 tam
874 513 968 588 clare
990 516 1102 603 dicta,
1127 533 1205 591 tam

135 662 344 744 opportuna
365 643 412 717 ad
433 637 728 741 distinguendum
755 667 863 716 usum
888 664 1026 720 rectum
1049 674 1071 720 a
1095 651 1208 720 vitio·

138 801 201 863 so,
221 774 373 869 pulchre
389 773 629 875 dissimulant,
644 773 866 872 aduersariis
891 773 1021 871 quibus
1045 791 1082 846 et
1106 776 1210 848 Ade·
1276 778 1292 823 ’ἵ
1331 843 1334 850 .

97 990 111 1019 ·
136 907 238 1001 lungi
253 903 490 992 auctoritate,
514 901 561 973 de
575 903 847 974 consuetudinis
861 903 1118 999 praecellentia
1130 906 1211 1000 ple
1258 954 1261 963 ι

136 1054 187 1104 uo
210 1056 274 1111 ore
297 1032 450 1118 iactata,
476 1028 577 1103 abuti
598 1030 701 1101 lubet
726 1028 777 1102 ad
800 1031 1059 1107 stabiliendam
1087 1059 1207 1108 cortu·
1301 1036 1310 1051 ”

137 1178 225 1264 ptae
250 1155 520 1236 consuetudinis
538 1162 785 1255 tyrannidem.

1067 1304 1072 1339 l

234 1374 268 1439 a.
359 1371 508 1439 uocrn
529 1369 692 1436 trusus
715 1374 983 1445 HVNGARICA.
1095 1354 1098 1371 ‘

234 1542 383 1615 Habent
407 1540 654 1615 haecomnia
677 1543 778 1614 idem
802 1538 948 1639 pondus
971 1563 1007 1618 et
1029 1549 1065 1620 in
1087 1568 1210 1624 nostra
1236 1620 1238 1626 .

114 1650 292 1771 'linguar
323 1675 352 1777 si
384 1668 583 1742 doceamus
613 1688 650 1743 et
676 1669 782 1744 nobis
806 1665 944 1744 adesse¹
961 1676 1122 1772 linguam
1147 1680 1214 1750 do·

140 1817 258 1891 ctam,
287 1801 509 1872 eruditorum
540 1805 781 1873 consensione
816 1802 1019 1892 firmatam,
1053 1828 1215 1875 commu·

141 1952 248 2017 nem,
275 1929 537 2017 vniuersalem.
567 1929 689 2000 Adest
709 1933 917 2020 enimuero,
939 1936 1008 2003 etsi
1036 1955 1109 2002 non
1137 1951 1215 2002 tan·

140 2059 180 2131 to
206 2061 243 2128 in
266 2058 410 2144 flore,
400 2084 438 2127 m
462 2075 600 2154 quanto
621 2057 690 2128 fuit
715 2057 947 2147 Romana,
936 2085 973 2129 ιιι
998 2075 1136 2155 quanto
1160 2075 1215 2132 est
1328 2100 1336 2119 ι

141 2182 385 2255 Germanica:
415 2184 479 2255 sed
508 2183 767 2282 qualiscunque
800 2185 915 2275 adsit,
940 2201 1063 2295 grates
1092 2186 1139 2257 de
1170 2209 1214 2257 ea
1298 2218 1302 2227 ¹

142 2308 308 2407 egendae
332 2325 415 2380 sunt
436 2308 650 2399 coelitibus,
682 2335 838 2406 quorum
858 2334 941 2383 cura
963 2335 1098 2382 sumus.
1135 2307 1214 2380 Νιιι
1280 2316 1282 2321 ’

139 2459 283 2511 merare
304 2459 501 2532 possumus
523 2438 645 2508 secula
672 2461 791 2535 prope
817 2442 918 2514 tria:-
915 2466 1012 2536 quo
1034 2443 1215 2537 temporis

140 2568 292 2638 decursu
325 2566 463 2661 egregii
492 2567 590 2637 ciues
619 2569 734 2637 nostri
761 2568 876 2653 multa
902 2572 1212 2664 conscripserunt;
1277 2590 1281 2597 ·

139 2711 241 2767 certe
265 2693 312 2766 ad
336 2710 526 2789 stuporem
551 2691 691 2791 multa,
715 2697 745 2766 si
776 2692 1068 2766 vicissitudinum
1091 2670 1214 2768 recor-
1245 2776 1248 2781 ,

141 2825 292 2914 demur»,
321 2821 450 2920 quibus
480 2822 728 2905 iactabautur3
765 2825 882 2895 multa
909 2824 954 2895 ad
987 2848 1051 2896 eos
1081 2824 1214 2897 rubore

140 2950 425 3039 suffundendos,
457 2953 534 3048 qul'
552 2950 719 3046 quodam
754 2946 904 3031 fastidio
921 2929 1065 3024 ⁸veteru
1097 2953 1213 3047 negli-

140 3096 250 3179 gunt,
279 3102 470 3176 crasseque
493 3081 676 3176 ignorant.
712 3080 770 3154 Eo
793 3077 914 3153 adhuc
936 3096 1127 3178 tempore,
1151 3079 1214 3152 vel

141 3207 303 3305 angustis
331 3207 508 3281 limitibus
536 3213 688 3292 nostris,
714 3210 823 3281 latius
851 3225 1029 3307 protensa
1059 3224 1114 3280 est
1143 3205 1213 3281 lin.

139 3363 213 3436 gua
233 3339 456 3412 dome-stica:
485 3361 530 3409 ea
552 3364 639 3411 usus
661 3355 717 3411 est
739 3340 890 3411 colonus
911 3339 1066 3437 inagris
1085 3361 1211 3410 nume·
1315 3420 1318 3427 ,

142 3473 278 3557 rosior,
301 3472 398 3540 ciues
419 3470 458 3538 in
480 3466 632 3539 urbibus
654 3467 942 3575 frequentiores,
973 3481 1213 3560 utrorumque
1310 3464 1313 3469 ’

139 3584 325 3684 curiense,
352 3596 550 3691 praefecti,
579 3593 670 3668 ordo
693 3612 881 3695 praeterea
904 3593 1104 3685 nobilium,
1130 3619 1215 3693 pro.

139 3751 295 3815 cerum,
328 3751 556 3801 summorum
587 3727 832 3806 sacerdotum.
880 3727 1114 3824 Quapropter
1143 3727 1212 3800 fuit

118 3881 185 3961 ⁴ea
212 3859 464 3952 communior,
490 3861 569 3955 ipsa
588 3859 658 3932 sibi
677 3859 796 3957 magis
819 3857 1079 3958 consentiens‚'
1093 3854 1209 3925 verbo
1310 3920 1314 3930 ,

141 3988 368 4062 uniuersalis.
409 3987 638 4083 scripserunt
662 4011 776 4070 vero,
805 4010 878 4058 non
901 3983 1017 4056 modo
1045 3985 1137 4069 imi,
1171 3968 1232 4053 et'¹
1270 3965 1276 3976 ⁵

138 4117 274 4202 medii,
302 4116 367 4214 sed
390 4119 524 4212 summi
548 4120 659 4188 etiam
678 4113 771 4196 viri,
798 4125 1019 4209 magnates,
1043 4123 1081 4220 et
1100 4110 1208 4202 primi
1263 4210 1266 4215 ι
1331 4149 1337 4163 ·

138 4246 347 4345 praesultor
375 4268 513 4343 suaque
544 4243 615 4345 bac
642 4245 832 4344 diligentia
859 4240 1137 4321 transmiserunt
1160 4236 1208 4319 ad
1282 4296 1285 4301 -

607 4416 733 4478 ..ι
