2700 4830
139 386 226 454 ³050
291 365 528 431 vrnnrornr
546 366 607 429 nu
630 363 870 477 sno3vn1tn.
895 347 1067 430 round.

18 560 24 568 ·
140 518 289 637 larunt
310 531 417 606 nobie
442 530 557 635 uerba
573 534 832 605 terminatione
860 519 984 604 dubia.
1020 529 1099 629 Ipsi
1128 550 1216 606 runt

141 664 208 737 iila
229 663 362 755 dubia,
397 679 436 737 et
455 664 588 751 rociir3
623 687 778 761 quorum
803 665 922 762 gratia
942 638 1074 736 iamet
1096 662 1221 760 legem

142 818 254 892 quam
285 794 473 867 fauentem
508 794 622 865 vellet
650 790 813 871 instituit
845 817 893 863 an
915 817 988 865 non
1016 808 1222 888 praestaret

142 922 356 996 huiusmodi
380 922 494 1005 verba
515 924 776 1011 terminatione
801 922 936 1011 dubia,
967 925 1042 992 iam
1068 946 1154 993 cum
1182 925 1222 998 it

141 1054 284 1139 affixo,
304 1056 377 1125 iarn
400 1058 480 1124 tine
504 1076 550 1125 eo
571 1052 728 1126 seribere
740 1105 754 1139 ‚
776 1069 814 1126 et
823 1053 1011 1149 proferre3
1026 1067 1068 1122 vt
1080 1074 1220 1149 nempe

140 1186 245 1278 ipsae
260 1198 513 1279 'exposcerent
536 1154 828 1254 circumitantiae
843 1181 852 1249 Ξ

195 1364 199 1375 .
245 1305 440 1379 Praemisit
466 1305 681 1381 huiusmodi·
702 1306 894 1404 exempla.¹
912 1305 973 1378 De
992 1302 1144 1391 verbis,
1170 1308 1222 1374 ait
1252 1334 1256 1341 ·

9 1462 13 1535 j
83 1452 88 1463 ·
121 1434 234 1539 wille,
261 1440 341 1507 sine
370 1440 411 1509 ik
437 1444 581 1510 suntin
606 1463 675 1511 vsu
705 1440 919 1541 sequentia:
947 1437 1116 1537 megesz‚
1138 1433 1221 1528 fel·

5 1556 9 1572 ἱ
143 1571 215 1662 ile,
235 1573 390 1665 megisz,
411 1567 675 1666 elmzil,szop,
697 1583 767 1641 etc.
797 1564 934 1637 Audiat
952 1563 999 1634 ad
1019 1566 1088 1634 ista
1108 1564 1220 1634 etiam

143 1691 257 1765 Probi
286 1692 426 1782 Biijthii
460 1693 693 1767 Transiiuani
725 1697 860 1795 iustam
891 1670 1217 1789 reprehensionem

143 1816 252 1920 (pag.
276 1817 402 1921 2180).
430 1869 459 1909 „
473 1821 771 1895 Committuntur
789 1845 920 1922 graues
945 1845 1086 1893 errores
1099 1825 1136 1891 in
1153 1819 1219 1891 lin·
1259 1892 1263 1899 ,

13 1948 18 2001 ³
142 1974 256 2048 „gua
279 1951 508 2051 Hungarica:
536 1969 580 2024 vt
610 1951 775 2031 nonnulli
799 1955 849 2022 ric
873 1953 1090 2046 loquantur,
1118 1959 1218 2022 most

142 2082 262 2178 ‚,esz,
294 2094 395 2153 most
429 2082 504 2180 isz,
538 2095 638 2153 most
663 2052 792 2179 alost,
826 2094 896 2155 etc.
933 2078 1033 2174 quod
1066 2081 1135 2151 ista
1166 2070 1219 2150 sie

90 2286 93 2291 ,
141 2188 172 2305 5,
186 2207 422 2304 putentdioi,
445 2212 578 2305 esech,
592 2211 710 2308 istuis,
730 2208 900 2308 oluszok,
920 2222 991 2277 etc.
1019 2205 1220 2290 Profecto,

141 2340 218 2429 „ri
237 2341 318 2433 quit
342 2341 645 2434 interrogaretur,
673 2353 796 2409 vtrum
820 2338 983 2427 dicatur,
1012 2336 1141 2433 iszolt,
1174 2361 1219 2406 an

142 2467 384 2567 „iszomtet
410 2464 472 2536 ille
499 2468 637 2538 diceret
664 2468 790 2565 iszok:
825 2470 892 2536 scit
916 2468 1090 2561 quisque,
1126 2465 1235 2558 qnid*

140 2599 256 2691 „iste
275 2611 487 2668 mereretur.
504 2596 534 2638 “
562 2592 642 2666 Hoc
662 2596 790 2691 procul
819 2588 956 2683 dubio,
979 2584 1079 2691 quod
1101 2591 1215 2690 paulo

31 2712 37 2729 ⁶
140 2750 227 2799 anre
251 2729 330 2822 ipre
353 2726 446 2795 dixit
473 2722 666 2813 Biijthius:
701 2726 956 2825 Vulgiuagum
988 2720 1108 2797 Suxit
1135 2719 1216 2794 Lne

139 2857 427 2954 Hungarirum,
447 2856 624 2950 Degener
652 2854 860 2951 Hungarus
881 2847 960 2952 (‘).

243 2981 356 3059 Porro
379 2999 486 3056 notat
511 2981 576 3054 ille
601 2983 647 3055 de
669 2981 792 3054 verbio
818 2984 953 3072 etiam,
978 2983 1016 3051 in
1038 2979 1138 3080 nuda
1160 3004 1214 3061 ra·

43 3182 47 3189 .
142 3112 271 3186 dice'z
304 3112 411 3186 litera
444 3116 667 3201 terminatis,
700 3110 797 3183 bene.
829 3092 1026 3189 numerora
1063 3112 1143 3180 sine
1176 3109 1213 3178 ik

140 3368 142 3373 ,
181 3298 287 3390 (“)Ἀ
310 3304 394 3366 Viro
418 3305 674 3379 Transilnano,
701 3319 734 3365 et
756 3323 815 3386 per
833 3304 923 3364 hunc
946 3310 1057 3384 porto
1073 3303 1117 3365 ab
1136 3306 1214 3385 ipsa

224 3414 488 3489 Traneiluania,
523 3427 608 3496 quot
635 3413 761 3476 ictibus
784 3414 966 3495 pulsatur,
999 3412 1059 3473 vel
1080 3414 1117 3473 in
1140 3413 1214 3474 soie

151 3610 153 3615 Ι
221 3520 288 3583 hac
312 3521 496 3587 verborum
521 3524 651 3597 forma,
676 3525 769 3586 idem
787 3523 843 3585 ille
863 3521 1071 3603 Verrugine:
1094 3526 1212 3602 quise

223 3638 261 3698 in
280 3628 382 3697 titulo
404 3639 511 3699 iactat
534 3635 734 3717 splendide,
760 3631 953 3698 Proludinm
968 3610 1158 3714 ¹scripsisse
1182 3635 1214 3696 in

222 3745 458 3809 Institutiones
473 3742 626 3831 Lingnoe
638 3727 875 3827 Hungorr'coe‘,
894 3744 938 3804 ad
950 3742 1107 3823 systema
1120 3743 1214 3804 Ade·

156 3876 159 3881 ’
219 3853 416 3945 lungiunnm
426 3898 438 3932 ,
463 3855 605 3917 Genium
624 3861 704 3920 item
727 3853 935 3935 Linguorum
960 3851 1213 3927 Orientalium,

223 3946 263 4029 nc
278 3940 472 4028 Dialec'tum
486 3946 718 4045 Tibisoonam,
736 3976 770 4028 et
784 3961 1040 4028 Tranriluonom
1059 3944 1213 4027 exuetur.

222 4076 420 4140 Dialoetum
440 4089 611 4140 memorat
632 4077 917 4139 Traneiluanam:
937 4095 1042 4157 qnam
1060 4077 1126 4138 vei
1149 4077 1214 4139 hot

224 4198 336 4252 errore
364 4205 427 4250 tuo
457 4188 545 4252 clare
569 4187 720 4253 ostendit
736 4186 817 4254 tibi
839 4206 908 4250 non
926 4203 1000 4248 erse
1027 4191 1213 4268 cognitam.

225 4301 292 4364 Sed
316 4294 466 4367 vidimus
499 4298 540 4364 ab
571 4304 646 4386 ipro
669 4298 866 4365 Dialecturn
891 4315 1030 4381 quoque
1052 4295 1212 4362 Tibisen-
