2700 4830
191 374 258 458 ‚ys
337 356 575 430 ummcrns
597 357 659 423 os
678 351 769 425 suc.
794 351 925 423 usas.
948 355 1126 439 soum,

115 582 128 607 ·.
193 537 412 614 inflexiones
439 556 527 605 vere
556 526 807 629 Hungaricas:
836 556 926 629 quas
951 552 1025 606 non
1053 540 1152 632 capit
1181 537 1282 610 Ver-

54 748 57 757 ,
97 686 99 693 ‘
194 666 341 767 regius,
364 681 484 738 tantus
507 658 781 756 Philosophus,
801 685 886 732 mea
910 661 1100 763 diligentia
1120 666 1283 740 fideliter

197 799 441 894 explanatas,
464 790 512 861 ad
536 793 652 886 ipsam
666 788 916 871 euidentiam
941 792 1005 864 sed
1027 790 1178 892 capiunt
1192 796 1285 886 alii,
1310 798 1313 813 '

68 986 72 995 .
200 933 263 1024 qui
294 929 372 997 sine
403 920 533 993 affectu
561 915 752 1005 iudicant,
784 906 996 1017 habentque
1034 918 1282 998 Commenta·
1324 1018 1326 1027 Ι

123 1032 131 1048 ’
195 1032 436 1143 riummeum
454 1055 490 1124 in
512 1050 655 1148 pretio,
685 1070 888 1145 quamego
912 1065 1047 1148 optare
1064 1051 1280 1150 potuerim,

196 1183 315 1258 multo
341 1185 499 1255 maiore.

285 1309 425 1407 *Modo
460 1314 547 1387 satis
583 1328 660 1384 erat
694 1309 791 1388 hane
819 1315 937 1387 solam
963 1318 1162 1390 veritatem
1198 1319 1282 1390 atri·

198 1421 288 1517 etim
305 1443 602 1518 demonstrasse:
625 1444 737 1515 etiam
757 1443 796 1515 ik
815 1467 1042 1538 pronomen,
1064 1446 1281 1521 veram'vo·

38 1600 49 1621 ,
177 1563 321 1647 ‘culam
346 1570 624 1670 Hungaricam,
649 1576 790 1646 everis
816 1563 1025 1674 Hungaris',
1050 1600 1126 1648 nou
1152 1601 1177 1648 a
1197 1575 1281 1652 Sla.

198 1707 284 1792 uis,
312 1701 465 1775 affixum
485 1700 596 1773 fuisse
619 1699 743 1773 verbis
763 1706 800 1773 in
824 1699 894 1774 hac
916 1702 1035 1777 forma
1062 1703 1150 1778 vere
1176 1705 1278 1778 Hun-

78 1826 84 1838 ’
113 1832 118 1847 “
172 1838 345 1933 μύω,
368 1831 581 1919 distinctae,
605 1845 642 1902 et
665 1829 782 1904 clarae
796 1831 994 1933 analogiae
1011 1850 1280 1930 superstructa,
1322 1891 1326 1895 -

191 1964 249 2038 ad
276 1964 475 2063 singulares
508 1983 689 2056 personas
719 1963 844 2034 tertias
877 1977 1003 2058 aperte
1036 1961 1281 2059 indicandas,

200 2094 238 2164 in
268 2088 418 2186 reliquis
444 2073 869 2184 quoquetemporibus,
908 2114 983 2164 non
1012 2096 1048 2167 in
1079 2108 1281 2189 praesente

161 2306 166 2317 ¹
203 2222 417 2308 dumtaxat,
443 2234 599 2316 excepto
625 2220 825 2318 praeterito
851 2215 1026 2323 secundo.

306 2347 548 2441 Manifestum
570 2365 648 2433 est,
673 2348 736 2421 uel
763 2349 820 2421 his
843 2365 989 2423 tanturn
1010 2351 1282 2426 obseruationi·

201 2477 290 2566 bus,
311 2494 350 2560 et
364 2480 552 2573 responsis
574 2479 696 2572 datis,
718 2476 913 2576 multiplex
934 2477 1106 2578 Versegii
1122 2484 1279 2572 vitium,

201 2607 302 2680 iacto
327 2610 438 2677 vnico
460 2621 646 2679 exertum:
670 2607 887 2703 imprudens
913 2605 1153 2697 vociferatio,
1184 2635 1283 2685 sum-

200 2760 263 2807 ma
286 2733 502 2825 temeritas,
528 2751 564 2805 et
584 2733 838 2829 impudentia,
858 2748 1029 2831 peruersa
1048 2735 1279 2836 repugnandi

201 2860 429 2963 pertinacia,
464 2862 681 2959 despectum
694 2839 718 2950 ,²
741 2881 779 2937 et
808 2858 937 2940 odium
964 2848 1174 2941 concitandi
1203 2872 1280 2942 ani·

123 3030 127 3038 ·
200 3018 282 3069 mus
313 2990 546 3078 malitiosum
576 3016 659 3063 cum
687 2996 718 3064 is
748 2993 893 3066 formae
924 2998 1115 3091 optimae,
1149 3000 1280 3095 genui·

201 3147 296 3210 nae,
338 3125 483 3206 auitae,
519 3143 648 3198 reuera
689 3120 944 3219 Hungaricae,
983 3125 1099 3198 vilem
1133 3104 1283 3224 affingit

75 3253 83 3283 l
109 3247 128 3295 ἵ
203 3245 441 3328 Slauismum.

454 3488 457 3493 Ι
549 3376 941 3484 curva-11.

339 3551 530 3622 avarsus
553 3553 775 3637 annonas
796 3510 914 3620 uvas
932 3501 1137 3634 souma,

203 3679 324 3758 atus
359 3689 668 3761 auauoorrs
701 3652 879 3755 cauas
909 3689 1279 3767 mauruntus,
1329 3756 1335 3762 ,

512 3826 561 3893 tu
590 3827 730 3892 uumw
749 3781 964 3892 coenum.
1037 3796 1039 3800 ’

181 4154 184 4158 ’
209 4077 307 4208 Iam
330 4128 580 4231 discutiendae
605 4140 758 4209 veniunt
776 4129 948 4234 Versegil
967 4137 1133 4210 rationes
1156 4135 1281 4233 aliae}

91 4272 95 4277 ’
210 4239 345 4362 quibus
369 4261 432 4367 ¹ille
458 4258 575 4335 verba
595 4261 632 4331 iu
656 4263 696 4335 ik
716 4263 935 4352 terminata,
965 4260 1103 4350 verba,
1137 4276 1181 4333 vt
1211 4280 1281 4333 nes
