2700 4830
308 296 543 455 ιιιιιιιιιι
563 330 624 406 na
643 323 732 409 sac
744 335 883 445 tana
905 286 1079 403 adana
1117 287 1122 301 ’
1161 346 1225 421 985

114 517 127 525 ”
153 537 253 625 mna,
275 534 358 586 eam
375 516 439 587 sic
452 536 530 584 esse
545 513 705 615 debere,
726 518 875 611 pariter
884 539 906 586 a
928 467 1060 589 Slauis
1078 511 1126 586 ad
1152 534 1229 583 noo
1317 485 1323 499 x

152 628 269 721 'venit
305 643 367 715 lili
393 644 564 740 quidem,
595 648 657 741 qui
685 643 825 736 formas
859 645 1112 732 inflexionum
1134 666 1226 715 cott-
1271 669 1279 699 ι

152 777 293 850 strictas
323 797 402 844 esse
424 775 577 862 volunt,
584 791 756 872 possent
779 777 951 847 iniectam
975 774 1072 873 hanc
1096 774 1222 868 auspi·

152 904 295 975 cionem
320 900 519 997 impensius
541 907 703 999 agitare,
729 919 766 975 et
781 906 950 1019 primurn
973 905 1224 976 coniecturam
1282 884 1286 903 ⁸

94 1102 99 1108 .
149 1055 196 1102 ex
219 1031 538 1128 reprobabilem,
569 1049 702 1166 postea
727 1031 838 1106 etiam
867 1028 1124 1137 certitudinem
1146 1019 1225 1102 eli·
1313 1003 1320 1023 ⁸

149 1185 244 1234 cere.
280 1160 389 1235 E'sset
412 1188 521 1234 sane
518 1182 853 1262 peropportunum
873 1133 1040 1263 lingnam
1067 1162 1273 1237 redderet
1332 1210 1334 1215 -

148 1290 378 1378 faciliorem,
404 1309 446 1363 vt
467 1297 579 1365 vnica
600 1295 745 1390 vigeret
768 1299 806 1366 in
828 1319 873 1366 ca
896 1294 1106 1372 verborum
1116 1292 1273 1369 infla·-

148 1425 234 1512 xio,
257 1421 319 1494 illa
337 1394 472 1522 nempe
502 1423 787 1533 indeterminata
809 1429 927 1519 prima
948 1425 1072 1500 radice
1093 1427 1256 1501 nudat
1204 1462 1256 1516 ,ι

146 1555 185 1623 in
217 1554 318 1625 om'ni
347 1547 586 1654 construendi
614 1578 722 1625 casu.
756 1578 814 1626 ex.
846 1579 900 1652 gr
926 1555 1068 1627 embert
1090 1556 1227 1663 terat,

147 1703 194 1755 az
226 1681 368 1752 embert
390 1685 528 1774 lrttok5
560 1680 671 1780 pinet
696 1684 833 1779 bdrek,
869 1681 1068 1778 penzcmet
1100 1687 1225 1758 krrek.

148 1812 187 1884 Si
208 1815 306 1883 enim
329 1814 365 1894 in
394 1813 465 1881 illis
489 1811 736 1908 superioribus
759 1811 917 1884 inflexio·
928 1815 1115 1923 genuina,
1141 1817 1224 1885 vni·
1278 1907 1284 1920 .

145 1943 343 2015 uerraliter
367 1938 551 2031 stabilita,
577 1958 614 2013 et
633 1957 810 2038 recepta,
832 1922 1014 2036 irrepente
1039 1965 1118 2011 vsu
1130 1965 1224 2053 con-

143 2075 261 2150 trario.
288 2088 419 2144 nutare
453 2076 530 2142 iam
567 2086 717 2168 potestt
752 2069 939 2143 nutabit
929 2095 966 2140 ιιι
997 2064 1052 2143 Ιιίι
1083 2046 1222 2162 etiam,
1308 2044 1343 2078 ⁷

113 2201 357 2294 ‘xacnsimque
380 2198 550 2286 tolletur,
574 2203 690 2272 modo
714 2203 857 2272 initium
879 2198 1049 2272 fiatauou
1067 2224 1223 2298 magna·

143 2331 258 2433 nimo.
285 2303 453 2423 Linguae
477 2325 665 2415 conditio,
696 2344 738 2398 vt
769 2329 823 2399 illi
845 2329 1040 2420 dictitant,
1073 2348 1129 2402 est
1148 2335 1222 2404 vti.
1257 2313 1283 2407 s

145 2438 215 2553 que
249 2460 287 2541 in
320 2479 449 2529 eorum
484 2453 868 2565 manibust-possunt
899 2474 978 2530 tuto
1015 2457 1136 2556 ipsam
1168 2463 1221 2532 sic

141 2610 315 2672 versare,
336 2601 378 2656 vt
398 2572 472 2656 illis
488 2582 640 2662 lubet.
1291 2674 1297 2682 .

244 2713 320 2787 Sed
350 2738 471 2816 nugae
497 2729 581 2784 sont
607 2715 715 2790 istac.
751 2714 853 2786 Slaui
879 2715 1031 2826 quidem
1055 2717 1219 2818 formam
1325 2802 1327 2807 ,

141 2845 426 2918 determinatam
452 2867 528 2915 ιιοιι
552 2858 724 2940 poterant
747 2843 926 2966 legibns
916 2862 966 2916 rta
988 2848 1095 2919 certis
1124 2826 1216 2918 defi-

138 2978 242 3057 nire,
275 2973 402 3071 quales
428 2997 473 3045 ea
501 2988 539 3044 et
565 2997 662 3046 nunc
691 2989 792 3047 tenet
820 2988 1053 3049 constanter:
1088 3000 1228 3072 quem·

139 3098 343 3204 admodum
376 3121 412 3176 et
444 3108 604 3204 priorem
632 3101 738 3177 illam
768 3103 929 3226 formam
952 3098 1217 3181 indetermina-

138 3253 216 3310 tam
242 3220 439 3335 secundam
469 3232 592 3306 radice
619 3223 752 3325 aucta,
785 3251 830 3306 vt
864 3261 973 3331 supra
1005 3227 1081 3307 dnn
1091 3285 1105 3320 ,
1140 3246 1238 3325 non.
1324 3235 1337 3307 ¹.

92 3424 95 3429 .
137 3363 221 3460 ipsi
245 3330 448 3443 defixerunt
481 3366 558 3433 ita
556 3360 636 3433 ribi
667 3385 736 3487 per
765 3365 898 3435 omnia
936 3381 1256 3467 congruentem.
1346 3460 1349 3471 Δ

136 3487 206 3563 Hic
229 3491 351 3584 labor,
378 3491 451 3565 hoc
473 3517 567 3593 opus
584 3490 670 3575 'erat
690 3520 779 3571 sane
807 3493 1089 3594 Hungarorum,
1113 3500 1150 3569 in
1176 3521 1243 3571 re
1320 3515 1325 3529 “

135 3624 267 3723 vtiqtie
291 3647 367 3700 rua.
395 3623 469 3718 Ipsi
492 3622 739 3722 spectabant
729 3650 766 3695 m
789 3621 844 3693 his
874 3619 997 3696 verbis
1022 3626 1297 3743 analogias

136 3768 240 3824 recta
262 3750 528 3825 consuetudine
552 3754 751 3828 Vniuersali
775 3749 954 3847 stabilitas
965 3806 979 3842 ,
1004 3755 1105 3825 iuxta
1123 3742 1274 3848 quaa¹

104 3941 106 3946 ,
135 3898 173 3954 et
195 3881 309 3955 verba
341 3882 438 3954 vitro
465 3874 779 3957 secernebantur
767 3908 805 3955 ιιι
830 3885 971 3980 species
996 3854 1187 3953 distinctae
1202 3936 1218 3975 ,
1276 3888 1287 3915 '·
1327 3940 1330 3945 .

133 4029 171 4083 et
192 4033 258 4109 per
285 4008 394 4083 hoc
384 4038 421 4084 ιιι
444 4010 580 4085 formas
604 3988 845 4126 inflexionem
871 4013 1056 4124 proprias.
1091 4011 1216 4104 Quare
1297 4010 1300 4013 “

127 4158 169 4215 et
189 4141 351 4225 secunda
368 4138 494 4216 forma
515 4141 800 4219 indeterminata
820 4148 941 4220 radice
958 4160 1084 4243 aucta,
1101 4155 1215 4242 quam
1297 4198 1302 4204 -
1334 4198 1344 4243 ¹,

129 4262 189 4346 hic
215 4283 342 4359 tueor,
373 4286 429 4348 ert
462 4275 676 4351 certissime¹
698 4272 1004 4376 ita'Hungarica-,
1037 4274 1211 4377 propria,
1318 4352 1321 4359 .
