<?xml version="1.0" encoding="UTF-8"?>
<!DOCTYPE html PUBLIC "-//W3C//DTD XHTML 1.0 Transitional//EN"
    "http://www.w3.org/TR/xhtml1/DTD/xhtml1-transitional.dtd">
<html xmlns="http://www.w3.org/1999/xhtml" xml:lang="en" lang="en">
 <head>
  <title>
</title>
<meta http-equiv="Content-Type" content="text/html;charset=utf-8" />
  <meta name='ocr-system' content='tesseract 3.04.00' />
  <meta name='ocr-capabilities' content='ocr_page ocr_carea ocr_par ocr_line ocrx_word'/>
</head>
<body>
  <div class='ocr_page' id='page_1' title='image "./elaboratiorgram00simogoog_0529.png"; bbox 0 0 2700 4830; ppageno 0'>
   <div class='ocr_carea' id='block_1_1' title="bbox 103 290 1139 405">
    <p class='ocr_par' dir='ltr' id='par_1_1' title="bbox 103 290 1139 405">
     <span class='ocr_line' id='line_1_1' title="bbox 103 290 1139 405; baseline -0.007 -10"><span class='ocrx_word' id='word_1_1' title='bbox 103 382 108 405; x_wconf 65' lang='grc'>,</span> <span class='ocrx_word' id='word_1_2' title='bbox 220 339 301 405; x_wconf 74' lang='lat' dir='ltr'>ron</span> <span class='ocrx_word' id='word_1_3' title='bbox 365 290 600 390; x_wconf 68' lang='lat' dir='ltr'>urimenus</span> <span class='ocrx_word' id='word_1_4' title='bbox 620 298 790 390; x_wconf 77' lang='lat' dir='ltr'>nu&#39;snc.</span> <span class='ocrx_word' id='word_1_5' title='bbox 812 310 944 393; x_wconf 75' lang='lat' dir='ltr'>verte.</span> <span class='ocrx_word' id='word_1_6' title='bbox 964 315 1139 388; x_wconf 67' lang='lat' dir='ltr'>tonui.</span> 
     </span>
    </p>
   </div>
   <div class='ocr_carea' id='block_1_2' title="bbox 178 468 1305 1108">
    <p class='ocr_par' dir='ltr' id='par_1_2' title="bbox 178 468 1305 1108">
     <span class='ocr_line' id='line_1_2' title="bbox 178 468 1305 599; baseline -0.004 -30"><span class='ocrx_word' id='word_1_7' title='bbox 178 468 311 599; x_wconf 19' lang='lat' dir='ltr'>&#39;&#39;llium</span> <span class='ocrx_word' id='word_1_8' title='bbox 348 494 639 568; x_wconf 83' lang='lat' dir='ltr'>concurrentium</span> <span class='ocrx_word' id='word_1_9' title='bbox 669 490 899 586; x_wconf 81' lang='lat' dir='ltr'>pedetentim</span> <span class='ocrx_word' id='word_1_10' title='bbox 934 490 1209 582; x_wconf 79' lang='lat' dir='ltr'>inualesceute3</span> <span class='ocrx_word' id='word_1_11' title='bbox 1244 490 1305 565; x_wconf 81' lang='lat' dir='ltr'>vti</span> 
     </span>
     <span class='ocr_line' id='line_1_3' title="bbox 222 587 1305 720; baseline -0.006 -23"><span class='ocrx_word' id='word_1_12' title='bbox 222 650 306 699; x_wconf 87' lang='lat' dir='ltr'>eam</span> <span class='ocrx_word' id='word_1_13' title='bbox 330 625 422 696; x_wconf 86' lang='lat' dir='ltr'>milri</span> <span class='ocrx_word' id='word_1_14' title='bbox 447 623 596 720; x_wconf 87' lang='lat' dir='ltr'>linguae</span> <span class='ocrx_word' id='word_1_15' title='bbox 615 594 706 693; x_wconf 74' lang='lat' dir='ltr'>¹nese</span> <span class='ocrx_word' id='word_1_16' title='bbox 733 622 943 700; x_wconf 79' lang='lat' dir='ltr'>euoluentit</span> <span class='ocrx_word' id='word_1_17' title='bbox 969 587 1083 696; x_wconf 69' lang='lat' dir='ltr'>luctu¹</span> <span class='ocrx_word' id='word_1_18' title='bbox 1097 622 1305 711; x_wconf 83' lang='lat' dir='ltr'>continua,</span> 
     </span>
     <span class='ocr_line' id='line_1_4' title="bbox 222 745 1302 846; baseline 0 -26"><span class='ocrx_word' id='word_1_19' title='bbox 222 753 285 841; x_wconf 77' lang='lat' dir='ltr'>diu</span> <span class='ocrx_word' id='word_1_20' title='bbox 305 754 536 839; x_wconf 82' lang='lat' dir='ltr'><strong>variantem,</strong></span> <span class='ocrx_word' id='word_1_21' title='bbox 561 765 752 845; x_wconf 89' lang='lat' dir='ltr'>postremo</span> <span class='ocrx_word' id='word_1_22' title='bbox 774 747 1073 846; x_wconf 68' lang='lat' dir='ltr'>constabilitum,</span> <span class='ocrx_word' id='word_1_23' title='bbox 1095 745 1145 821; x_wconf 91' lang='lat' dir='ltr'>ob</span> <span class='ocrx_word' id='word_1_24' title='bbox 1167 749 1302 822; x_wconf 70' lang='lat' dir='ltr'>oculos</span> 
     </span>
     <span class='ocr_line' id='line_1_5' title="bbox 184 873 1301 978; baseline 0.003 -29"><span class='ocrx_word' id='word_1_25' title='bbox 184 934 186 949; x_wconf 92' lang='lat'>.</span> <span class='ocrx_word' id='word_1_26' title='bbox 221 876 424 978; x_wconf 77' lang='lat' dir='ltr'>posuerunt</span> <span class='ocrx_word' id='word_1_27' title='bbox 446 882 493 952; x_wconf 90' lang='lat' dir='ltr'>ad</span> <span class='ocrx_word' id='word_1_28' title='bbox 519 881 761 958; x_wconf 85' lang='lat' dir='ltr'>euidentiam.</span> <span class='ocrx_word' id='word_1_29' title='bbox 802 877 976 954; x_wconf 74' lang='lat' dir='ltr'><strong>caecutit</strong></span> <span class='ocrx_word' id='word_1_30' title='bbox 996 880 1042 951; x_wconf 84' lang='lat' dir='ltr'>ad</span> <span class='ocrx_word' id='word_1_31' title='bbox 1064 883 1133 954; x_wconf 79' lang='lat' dir='ltr'>ieta</span> <span class='ocrx_word' id='word_1_32' title='bbox 1159 873 1301 952; x_wconf 86' lang='lat' dir='ltr'>Verse-</span> 
     </span>
     <span class='ocr_line' id='line_1_6' title="bbox 221 986 1302 1108; baseline 0.002 -28"><span class='ocrx_word' id='word_1_33' title='bbox 221 1015 318 1108; x_wconf 77' lang='lat' dir='ltr'>gius:</span> <span class='ocrx_word' id='word_1_34' title='bbox 353 1011 490 1083; x_wconf 83' lang='lat' dir='ltr'>Haeret</span> <span class='ocrx_word' id='word_1_35' title='bbox 516 1008 600 1081; x_wconf 86' lang='lat' dir='ltr'>loco</span> <span class='ocrx_word' id='word_1_36' title='bbox 631 986 791 1098; x_wconf 90' lang='lat' dir='ltr'>eodem,</span> <span class='ocrx_word' id='word_1_37' title='bbox 827 1013 965 1108; x_wconf 90' lang='lat' dir='ltr'>inquo</span> <span class='ocrx_word' id='word_1_38' title='bbox 995 1008 1157 1106; x_wconf 86' lang='lat' dir='ltr'>primum</span> <span class='ocrx_word' id='word_1_39' title='bbox 1186 1008 1302 1082; x_wconf 81' lang='lat' dir='ltr'>offen·</span> 
     </span>
    </p>
   </div>
   <div class='ocr_carea' id='block_1_3' title="bbox 20 1115 1301 1237">
    <p class='ocr_par' dir='ltr' id='par_1_3' title="bbox 20 1115 1301 1237">
     <span class='ocr_line' id='line_1_7' title="bbox 20 1115 1301 1237; baseline -0.002 -23"><span class='ocrx_word' id='word_1_40' title='bbox 20 1144 23 1151; x_wconf 71' lang='grc'>’</span> <span class='ocrx_word' id='word_1_41' title='bbox 57 1212 62 1224; x_wconf 82' lang='grc'>,</span> <span class='ocrx_word' id='word_1_42' title='bbox 144 1144 173 1175; x_wconf 85' lang='grc'>·“</span> <span class='ocrx_word' id='word_1_43' title='bbox 207 1138 297 1216; x_wconf 70' lang='lat' dir='ltr'>‘dite</span> <span class='ocrx_word' id='word_1_44' title='bbox 321 1115 415 1212; x_wconf 73' lang='lat' dir='ltr'>hane</span> <span class='ocrx_word' id='word_1_45' title='bbox 440 1144 570 1212; x_wconf 79' lang='lat' dir='ltr'>tertiae</span> <span class='ocrx_word' id='word_1_46' title='bbox 590 1140 781 1237; x_wconf 82' lang='lat' dir='ltr'>singularis</span> <span class='ocrx_word' id='word_1_47' title='bbox 802 1165 980 1237; x_wconf 82' lang='lat' dir='ltr'>personae</span> <span class='ocrx_word' id='word_1_48' title='bbox 996 1143 1301 1214; x_wconf 77' lang='lat' dir='ltr'>terminationem</span> 
     </span>
    </p>
   </div>
   <div class='ocr_carea' id='block_1_4' title="bbox 106 1247 1335 3304">
    <p class='ocr_par' dir='ltr' id='par_1_4' title="bbox 106 1247 1335 3304">
     <span class='ocr_line' id='line_1_8' title="bbox 221 1247 1301 1372; baseline 0.002 -34"><span class='ocrx_word' id='word_1_49' title='bbox 221 1276 259 1344; x_wconf 86' lang='lat' dir='ltr'>in</span> <span class='ocrx_word' id='word_1_50' title='bbox 279 1275 324 1348; x_wconf 61' lang='grc' dir='ltr'>ἐή</span> <span class='ocrx_word' id='word_1_51' title='bbox 336 1328 348 1367; x_wconf 81' lang='lat'>‚</span> <span class='ocrx_word' id='word_1_52' title='bbox 357 1270 533 1370; x_wconf 73' lang='lat' dir='ltr'>fittlete&#39;k</span> <span class='ocrx_word' id='word_1_53' title='bbox 544 1318 558 1353; x_wconf 87' lang='lat'>,</span> <span class='ocrx_word' id='word_1_54' title='bbox 567 1270 1011 1372; x_wconf 58' lang='lat' dir='ltr'>szttlesse&#39;kffltlletudk,</span> <span class='ocrx_word' id='word_1_55' title='bbox 1034 1247 1154 1343; x_wconf 77' lang='lat' dir='ltr'>nescit</span> <span class='ocrx_word' id='word_1_56' title='bbox 1171 1271 1301 1342; x_wconf 82' lang='lat' dir='ltr'>dietin-</span> 
     </span>
     <span class='ocr_line' id='line_1_9' title="bbox 221 1396 1301 1503; baseline -0.003 -30"><span class='ocrx_word' id='word_1_57' title='bbox 221 1416 334 1503; x_wconf 80' lang='lat' dir='ltr'>gue&#39;re</span> <span class='ocrx_word' id='word_1_58' title='bbox 361 1427 384 1474; x_wconf 91' lang='lat' dir='ltr'>a</span> <span class='ocrx_word' id='word_1_59' title='bbox 408 1396 520 1471; x_wconf 74' lang='lat' dir='ltr'>simili</span> <span class='ocrx_word' id='word_1_60' title='bbox 540 1401 805 1474; x_wconf 86' lang='lat' dir='ltr'>terminatione</span> <span class='ocrx_word' id='word_1_61' title='bbox 827 1401 973 1496; x_wconf 86' lang='lat' dir='ltr'>primae</span> <span class='ocrx_word' id='word_1_62' title='bbox 995 1396 1192 1497; x_wconf 77' lang='lat' dir='ltr'>singularis</span> <span class='ocrx_word' id='word_1_63' title='bbox 1218 1423 1301 1497; x_wconf 88' lang='lat' dir='ltr'>per-</span> 
     </span>
     <span class='ocr_line' id='line_1_10' title="bbox 106 1519 1298 1626; baseline -0.001 -24"><span class='ocrx_word' id='word_1_64' title='bbox 106 1614 111 1623; x_wconf 31' lang='lat'>·</span> <span class='ocrx_word' id='word_1_65' title='bbox 222 1552 338 1603; x_wconf 72' lang='lat' dir='ltr'>ionae</span> <span class='ocrx_word' id='word_1_66' title='bbox 372 1532 408 1599; x_wconf 89' lang='lat' dir='ltr'>in</span> <span class='ocrx_word' id='word_1_67' title='bbox 427 1529 639 1625; x_wconf 82' lang='lat' dir='ltr'>,praeterito</span> <span class='ocrx_word' id='word_1_68' title='bbox 668 1529 790 1626; x_wconf 90' lang='lat' dir='ltr'>primo</span> <span class='ocrx_word' id='word_1_69' title='bbox 815 1527 926 1601; x_wconf 88' lang='lat' dir='ltr'>modi·</span> <span class='ocrx_word' id='word_1_70' title='bbox 950 1519 1162 1616; x_wconf 76' lang='lat' dir='ltr'>inditatiui,</span> <span class='ocrx_word' id='word_1_71' title='bbox 1195 1545 1234 1601; x_wconf 88' lang='lat' dir='ltr'>et</span> <span class='ocrx_word' id='word_1_72' title='bbox 1260 1532 1298 1600; x_wconf 89' lang='lat' dir='ltr'>in</span> 
     </span>
     <span class='ocr_line' id='line_1_11' title="bbox 222 1654 1299 1760; baseline 0.002 -28"><span class='ocrx_word' id='word_1_73' title='bbox 222 1660 339 1760; x_wconf 82' lang='lat' dir='ltr'>modo</span> <span class='ocrx_word' id='word_1_74' title='bbox 363 1660 558 1756; x_wconf 88' lang='lat' dir='ltr'>optatiuo,</span> <span class='ocrx_word' id='word_1_75' title='bbox 593 1657 697 1744; x_wconf 65' lang='lat' dir='ltr'>iret,</span> <span class='ocrx_word' id='word_1_76' title='bbox 725 1659 853 1741; x_wconf 67' lang='lat' dir='ltr'>irndkr</span> <span class='ocrx_word' id='word_1_77' title='bbox 883 1654 1001 1733; x_wconf 75' lang='lat' dir='ltr'>nescit</span> <span class='ocrx_word' id='word_1_78' title='bbox 1027 1660 1256 1757; x_wconf 80' lang='lat' dir='ltr'>distinguere</span> <span class='ocrx_word' id='word_1_79' title='bbox 1277 1685 1299 1734; x_wconf 81' lang='lat' dir='ltr'>a</span> 
     </span>
     <span class='ocr_line' id='line_1_12' title="bbox 222 1782 1299 1893; baseline -0.004 -31"><span class='ocrx_word' id='word_1_80' title='bbox 222 1785 332 1862; x_wconf 72' lang='lat' dir='ltr'>simili</span> <span class='ocrx_word' id='word_1_81' title='bbox 369 1803 561 1885; x_wconf 87' lang='lat' dir='ltr'>praeterea</span> <span class='ocrx_word' id='word_1_82' title='bbox 586 1782 847 1861; x_wconf 86' lang='lat' dir='ltr'>terminatione</span> <span class='ocrx_word' id='word_1_83' title='bbox 880 1789 1009 1860; x_wconf 88' lang='lat' dir='ltr'>tertiae</span> <span class='ocrx_word' id='word_1_84' title='bbox 1036 1786 1299 1893; x_wconf 13' lang='lat' dir='ltr'>pluralissper·</span> 
     </span>
     <span class='ocr_line' id='line_1_13' title="bbox 224 1892 1296 2013; baseline 0.001 -23"><span class='ocrx_word' id='word_1_85' title='bbox 224 1892 342 1990; x_wconf 81' lang='lat' dir='ltr'>sonae</span> <span class='ocrx_word' id='word_1_86' title='bbox 363 1921 494 1989; x_wconf 88' lang='lat' dir='ltr'>iterum</span> <span class='ocrx_word' id='word_1_87' title='bbox 514 1921 550 1989; x_wconf 87' lang='lat' dir='ltr'>in</span> <span class='ocrx_word' id='word_1_88' title='bbox 574 1920 777 2012; x_wconf 88' lang='lat' dir='ltr'>praeterito</span> <span class='ocrx_word' id='word_1_89' title='bbox 801 1913 948 2013; x_wconf 91' lang='lat' dir='ltr'>primo,</span> <span class='ocrx_word' id='word_1_90' title='bbox 974 1919 1086 1988; x_wconf 79' lang='lat' dir='ltr'>&#39;etiam</span> <span class='ocrx_word' id='word_1_91' title='bbox 1105 1917 1144 1990; x_wconf 94' lang='lat' dir='ltr'>in</span> <span class='ocrx_word' id='word_1_92' title='bbox 1165 1920 1296 1991; x_wconf 78' lang='lat' dir='ltr'>secun·</span> 
     </span>
     <span class='ocr_line' id='line_1_14' title="bbox 223 2041 1296 2144; baseline -0.001 -25"><span class='ocrx_word' id='word_1_93' title='bbox 223 2048 273 2121; x_wconf 93' lang='lat' dir='ltr'>do</span> <span class='ocrx_word' id='word_1_94' title='bbox 305 2047 409 2118; x_wconf 89' lang='lat' dir='ltr'>modi</span> <span class='ocrx_word' id='word_1_95' title='bbox 429 2041 646 2128; x_wconf 84' lang='lat' dir='ltr'>&#39;indicatiui,</span> <span class='ocrx_word' id='word_1_96' title='bbox 674 2046 809 2118; x_wconf 90' lang='lat' dir='ltr'>deinde</span> <span class='ocrx_word' id='word_1_97' title='bbox 838 2048 876 2118; x_wconf 93' lang='lat' dir='ltr'>in</span> <span class='ocrx_word' id='word_1_98' title='bbox 905 2044 1021 2118; x_wconf 90' lang='lat' dir='ltr'>modo</span> <span class='ocrx_word' id='word_1_99' title='bbox 1047 2048 1296 2144; x_wconf 88' lang='lat' dir='ltr'>imperatiuo,</span> 
     </span>
     <span class='ocr_line' id='line_1_15' title="bbox 224 2166 1296 2271; baseline -0.001 -24"><span class='ocrx_word' id='word_1_100' title='bbox 224 2170 262 2247; x_wconf 84' lang='lat' dir='ltr'>et</span> <span class='ocrx_word' id='word_1_101' title='bbox 282 2178 480 2271; x_wconf 88' lang='lat' dir='ltr'>optatiuo,</span> <span class='ocrx_word' id='word_1_102' title='bbox 512 2175 637 2247; x_wconf 80' lang='lat' dir='ltr'>sedin</span> <span class='ocrx_word' id='word_1_103' title='bbox 662 2175 784 2246; x_wconf 86' lang='lat' dir='ltr'>forma</span> <span class='ocrx_word' id='word_1_104' title='bbox 816 2172 1082 2264; x_wconf 81' lang='lat' dir='ltr'>determinata,</span> <span class='ocrx_word' id='word_1_105' title='bbox 1116 2166 1155 2247; x_wconf 84' lang='lat' dir='ltr'>et</span> <span class='ocrx_word' id='word_1_106' title='bbox 1173 2174 1296 2248; x_wconf 83' lang='lat' dir='ltr'>verbis</span> 
     </span>
     <span class='ocr_line' id='line_1_16' title="bbox 220 2302 1297 2405; baseline 0.005 -29"><span class='ocrx_word' id='word_1_107' title='bbox 220 2306 388 2377; x_wconf 89' lang='lat' dir='ltr'>tenuium</span> <span class='ocrx_word' id='word_1_108' title='bbox 409 2318 551 2373; x_wconf 86' lang='lat' dir='ltr'>tantum</span> <span class='ocrx_word' id='word_1_109' title='bbox 576 2303 789 2392; x_wconf 82' lang='lat' dir='ltr'>vocalium,</span> <span class='ocrx_word' id='word_1_110' title='bbox 818 2302 1034 2400; x_wconf 52' lang='lat' dir='ltr'>megke&#39;reh</span> <span class='ocrx_word' id='word_1_111' title='bbox 1056 2303 1297 2405; x_wconf 64' lang='lat' dir='ltr'>megkrr‘rtek,</span> 
     </span>
     <span class='ocr_line' id='line_1_17' title="bbox 220 2424 1296 2535; baseline 0.003 -31"><span class='ocrx_word' id='word_1_112' title='bbox 220 2424 694 2528; x_wconf 64' lang='lat' dir='ltr'>meglre‘rjdlr„megke‘rnek</span> <span class='ocrx_word' id='word_1_113' title='bbox 720 2455 767 2501; x_wconf 85' lang='lat' dir='ltr'>oz</span> <span class='ocrx_word' id='word_1_114' title='bbox 792 2446 894 2510; x_wconf 82' lang='lat' dir='ltr'>urat.</span> <span class='ocrx_word' id='word_1_115' title='bbox 923 2431 1094 2535; x_wconf 87' lang='lat' dir='ltr'>Similem</span> <span class='ocrx_word' id='word_1_116' title='bbox 1120 2429 1296 2506; x_wconf 78' lang='lat' dir='ltr'>termina·</span> 
     </span>
     <span class='ocr_line' id='line_1_18' title="bbox 218 2530 1293 2660; baseline 0.006 -29"><span class='ocrx_word' id='word_1_117' title='bbox 218 2554 360 2633; x_wconf 88' lang='lat' dir='ltr'>tionem</span> <span class='ocrx_word' id='word_1_118' title='bbox 381 2548 601 2653; x_wconf 79' lang='lat' dir='ltr'>imaginatur</span> <span class='ocrx_word' id='word_1_119' title='bbox 623 2558 691 2630; x_wconf 84' lang='lat' dir='ltr'>sibi</span> <span class='ocrx_word' id='word_1_120' title='bbox 715 2564 826 2631; x_wconf 87' lang='lat' dir='ltr'>etiam</span> <span class='ocrx_word' id='word_1_121' title='bbox 845 2530 1009 2633; x_wconf 77' lang='lat' dir='ltr'>&#39;eandem</span> <span class='ocrx_word' id='word_1_122' title='bbox 1031 2585 1113 2634; x_wconf 81' lang='lat' dir='ltr'>ease</span> <span class='ocrx_word' id='word_1_123' title='bbox 1133 2557 1293 2660; x_wconf 87' lang='lat' dir='ltr'>vbique.</span> 
     </span>
     <span class='ocr_line' id='line_1_19' title="bbox 218 2688 1292 2789; baseline 0.001 -26"><span class='ocrx_word' id='word_1_124' title='bbox 218 2688 297 2781; x_wconf 89' lang='lat' dir='ltr'>Et,</span> <span class='ocrx_word' id='word_1_125' title='bbox 321 2696 408 2789; x_wconf 86' lang='lat' dir='ltr'>quia</span> <span class='ocrx_word' id='word_1_126' title='bbox 429 2688 626 2762; x_wconf 83' lang='lat' dir='ltr'>absurdum</span> <span class='ocrx_word' id='word_1_127' title='bbox 649 2692 718 2784; x_wconf 81' lang='lat' dir='ltr'>ipsi</span> <span class='ocrx_word' id='word_1_128' title='bbox 739 2691 971 2780; x_wconf 89' lang='lat' dir='ltr'>videtur,-vt</span> <span class='ocrx_word' id='word_1_129' title='bbox 992 2689 1093 2762; x_wconf 88' lang='lat' dir='ltr'>idem</span> <span class='ocrx_word' id='word_1_130' title='bbox 1114 2691 1292 2780; x_wconf 84' lang='lat' dir='ltr'>affixum,</span> 
     </span>
     <span class='ocr_line' id='line_1_20' title="bbox 218 2819 1290 2920; baseline -0.002 -26"><span class='ocrx_word' id='word_1_131' title='bbox 218 2838 257 2894; x_wconf 89' lang='lat' dir='ltr'>et</span> <span class='ocrx_word' id='word_1_132' title='bbox 284 2825 443 2920; x_wconf 88' lang='lat' dir='ltr'>primas,</span> <span class='ocrx_word' id='word_1_133' title='bbox 477 2834 514 2890; x_wconf 87' lang='lat' dir='ltr'>et</span> <span class='ocrx_word' id='word_1_134' title='bbox 536 2820 663 2890; x_wconf 83' lang='lat' dir='ltr'>tertias</span> <span class='ocrx_word' id='word_1_135' title='bbox 691 2841 867 2914; x_wconf 79' lang='lat' dir='ltr'>perronae</span> <span class='ocrx_word' id='word_1_136' title='bbox 889 2819 1044 2911; x_wconf 89' lang='lat' dir='ltr'>indicet,</span> <span class='ocrx_word' id='word_1_137' title='bbox 1071 2823 1290 2916; x_wconf 79' lang='lat' dir='ltr'>praesertim</span> 
     </span>
     <span class='ocr_line' id='line_1_21' title="bbox 217 2943 1288 3046; baseline 0 -26"><span class='ocrx_word' id='word_1_138' title='bbox 217 2949 440 3046; x_wconf 82' lang='lat' dir='ltr'>singulares3</span> <span class='ocrx_word' id='word_1_139' title='bbox 474 2949 613 3044; x_wconf 81' lang='lat' dir='ltr'>primae</span> <span class='ocrx_word' id='word_1_140' title='bbox 634 2943 811 3044; x_wconf 85' lang='lat' dir='ltr'>relinquit</span> <span class='ocrx_word' id='word_1_141' title='bbox 833 2950 1016 3035; x_wconf 89' lang='lat' dir='ltr'>intactas,</span> <span class='ocrx_word' id='word_1_142' title='bbox 1045 2951 1172 3021; x_wconf 84' lang='lat' dir='ltr'>tertias</span> <span class='ocrx_word' id='word_1_143' title='bbox 1200 2972 1288 3022; x_wconf 88' lang='lat' dir='ltr'>vero</span> 
     </span>
     <span class='ocr_line' id='line_1_22' title="bbox 216 3050 1295 3183; baseline -0.001 -33"><span class='ocrx_word' id='word_1_144' title='bbox 216 3081 320 3177; x_wconf 82' lang='lat' dir='ltr'>omni</span> <span class='ocrx_word' id='word_1_145' title='bbox 345 3086 477 3149; x_wconf 81' lang='lat' dir='ltr'>conatu</span> <span class='ocrx_word' id='word_1_146' title='bbox 500 3077 691 3172; x_wconf 84' lang='lat' dir='ltr'>exstirpat.</span> <span class='ocrx_word' id='word_1_147' title='bbox 728 3050 1021 3176; x_wconf 62' lang='lat' dir='ltr'>Siaille,agitur</span> <span class='ocrx_word' id='word_1_148' title='bbox 1044 3079 1083 3149; x_wconf 91' lang='lat' dir='ltr'>in</span> <span class='ocrx_word' id='word_1_149' title='bbox 1104 3093 1295 3183; x_wconf 86' lang='lat' dir='ltr'>transuer-¹</span> 
     </span>
     <span class='ocr_line' id='line_1_23' title="bbox 128 3186 1335 3304; baseline -0.002 -21"><span class='ocrx_word' id='word_1_150' title='bbox 128 3276 132 3283; x_wconf 90' lang='lat'><em>.</em></span> <span class='ocrx_word' id='word_1_151' title='bbox 216 3231 297 3278; x_wconf 83' lang='lat' dir='ltr'>aum</span> <span class='ocrx_word' id='word_1_152' title='bbox 321 3186 508 3279; x_wconf 73' lang='lat' dir='ltr'>contemto</span> <span class='ocrx_word' id='word_1_153' title='bbox 535 3186 765 3301; x_wconf 85' lang='lat' dir='ltr'>philologiae</span> <span class='ocrx_word' id='word_1_154' title='bbox 790 3200 953 3279; x_wconf 77' lang='lat' dir='ltr'>subsidio</span> <span class='ocrx_word' id='word_1_155' title='bbox 974 3209 1198 3304; x_wconf 87' lang='lat' dir='ltr'>praecipuo,</span> <span class='ocrx_word' id='word_1_156' title='bbox 1220 3232 1288 3280; x_wconf 80' lang='lat' dir='ltr'>ve·</span> <span class='ocrx_word' id='word_1_157' title='bbox 1326 3250 1335 3263; x_wconf 90' lang='lat'>·-</span> 
     </span>
    </p>
   </div>
   <div class='ocr_carea' id='block_1_5' title="bbox 58 3313 1286 3446">
    <p class='ocr_par' dir='ltr' id='par_1_5' title="bbox 58 3313 1286 3446">
     <span class='ocr_line' id='line_1_24' title="bbox 58 3313 1286 3446; baseline 0 -40"><span class='ocrx_word' id='word_1_158' title='bbox 58 3318 63 3326; x_wconf 40' lang='lat'>⁸</span> <span class='ocrx_word' id='word_1_159' title='bbox 135 3436 140 3446; x_wconf 34' lang='grc' dir='ltr'>Ι</span> <span class='ocrx_word' id='word_1_160' title='bbox 213 3337 380 3419; x_wconf 85' lang='lat' dir='ltr'>neranda</span> <span class='ocrx_word' id='word_1_161' title='bbox 401 3334 539 3409; x_wconf 75' lang='lat' dir='ltr'>icilicet</span> <span class='ocrx_word' id='word_1_162' title='bbox 566 3329 813 3428; x_wconf 86' lang='lat' dir='ltr'>antiquitate,</span> <span class='ocrx_word' id='word_1_163' title='bbox 846 3358 910 3407; x_wconf 80' lang='lat' dir='ltr'>seu</span> <span class='ocrx_word' id='word_1_164' title='bbox 939 3330 1090 3437; x_wconf 84' lang='lat' dir='ltr'>linguae</span> <span class='ocrx_word' id='word_1_165' title='bbox 1114 3313 1286 3409; x_wconf 82' lang='lat' dir='ltr'>historia.</span> 
     </span>
    </p>
   </div>
   <div class='ocr_carea' id='block_1_6' title="bbox 154 3442 1286 4073">
    <p class='ocr_par' dir='ltr' id='par_1_6' title="bbox 154 3442 1286 4073">
     <span class='ocr_line' id='line_1_25' title="bbox 215 3442 1286 3538; baseline 0.004 -10"><span class='ocrx_word' id='word_1_166' title='bbox 215 3451 363 3528; x_wconf 86' lang='lat' dir='ltr'>Similes</span> <span class='ocrx_word' id='word_1_167' title='bbox 398 3455 512 3531; x_wconf 88' lang='lat' dir='ltr'>hodie</span> <span class='ocrx_word' id='word_1_168' title='bbox 542 3459 819 3530; x_wconf 87' lang='lat' dir='ltr'>terminationes</span> <span class='ocrx_word' id='word_1_169' title='bbox 840 3442 1004 3538; x_wconf 75' lang='lat' dir='ltr'>,diuersis</span> <span class='ocrx_word' id='word_1_170' title='bbox 1040 3454 1130 3531; x_wconf 88' lang='lat' dir='ltr'>olim</span> <span class='ocrx_word' id='word_1_171' title='bbox 1164 3459 1286 3532; x_wconf 79' lang='lat' dir='ltr'>affixit</span> 
     </span>
     <span class='ocr_line' id='line_1_26' title="bbox 211 3586 1285 3684; baseline 0.003 -27"><span class='ocrx_word' id='word_1_172' title='bbox 211 3603 323 3661; x_wconf 88' lang='lat' dir='ltr'>natae</span> <span class='ocrx_word' id='word_1_173' title='bbox 345 3605 427 3661; x_wconf 85' lang='lat' dir='ltr'>sunt</span> <span class='ocrx_word' id='word_1_174' title='bbox 440 3642 452 3676; x_wconf 93' lang='lat'>,</span> <span class='ocrx_word' id='word_1_175' title='bbox 484 3587 630 3658; x_wconf 83' lang='lat' dir='ltr'>diuersa</span> <span class='ocrx_word' id='word_1_176' title='bbox 653 3589 1126 3684; x_wconf 78' lang='lat' dir='ltr'>quaeque‘aiguilieatione.</span> <span class='ocrx_word' id='word_1_177' title='bbox 1168 3586 1223 3660; x_wconf 88' lang='lat' dir='ltr'>Vt</span> <span class='ocrx_word' id='word_1_178' title='bbox 1243 3591 1285 3660; x_wconf 93' lang='lat' dir='ltr'>il·</span> 
     </span>
     <span class='ocr_line' id='line_1_27' title="bbox 210 3716 1285 3821; baseline 0.006 -34"><span class='ocrx_word' id='word_1_179' title='bbox 210 3716 286 3789; x_wconf 88' lang='lat' dir='ltr'>lam</span> <span class='ocrx_word' id='word_1_180' title='bbox 310 3721 562 3812; x_wconf 72' lang='lat' dir='ltr'>superiorem,</span> <span class='ocrx_word' id='word_1_181' title='bbox 588 3721 639 3787; x_wconf 89' lang='lat' dir='ltr'>sic</span> <span class='ocrx_word' id='word_1_182' title='bbox 662 3732 699 3788; x_wconf 89' lang='lat' dir='ltr'>et</span> <span class='ocrx_word' id='word_1_183' title='bbox 720 3720 807 3819; x_wconf 65' lang='lat' dir='ltr'>istae</span> <span class='ocrx_word' id='word_1_184' title='bbox 831 3717 1024 3791; x_wconf 80' lang='lat' dir='ltr'>inferiores</span> <span class='ocrx_word' id='word_1_185' title='bbox 1050 3717 1285 3821; x_wconf 77' lang='lat' dir='ltr'>distinguunt</span> 
     </span>
     <span class='ocr_line' id='line_1_28' title="bbox 209 3828 1280 3941; baseline 0.004 -25"><span class='ocrx_word' id='word_1_186' title='bbox 209 3846 357 3940; x_wconf 76' lang='lat' dir='ltr'>linguae</span> <span class='ocrx_word' id='word_1_187' title='bbox 377 3843 473 3918; x_wconf 81' lang='lat' dir='ltr'>faeta</span> <span class='ocrx_word' id='word_1_188' title='bbox 494 3847 651 3941; x_wconf 87' lang='lat' dir='ltr'>genuina</span> <span class='ocrx_word' id='word_1_189' title='bbox 660 3894 673 3928; x_wconf 90' lang='lat'>,</span> <span class='ocrx_word' id='word_1_190' title='bbox 696 3846 787 3919; x_wconf 72' lang='lat' dir='ltr'>locis</span> <span class='ocrx_word' id='word_1_191' title='bbox 813 3849 887 3919; x_wconf 78' lang='lat' dir='ltr'>ruis</span> <span class='ocrx_word' id='word_1_192' title='bbox 908 3847 1003 3921; x_wconf 86' lang='lat' dir='ltr'>clare</span> <span class='ocrx_word' id='word_1_193' title='bbox 1014 3828 1060 3919; x_wconf 55' lang='lat' dir='ltr'>,et</span> <span class='ocrx_word' id='word_1_194' title='bbox 1082 3851 1154 3920; x_wconf 88' lang='lat' dir='ltr'>ista</span> <span class='ocrx_word' id='word_1_195' title='bbox 1176 3873 1199 3919; x_wconf 86' lang='lat' dir='ltr'>a</span> <span class='ocrx_word' id='word_1_196' title='bbox 1217 3872 1280 3920; x_wconf 82' lang='lat' dir='ltr'>mc</span> 
     </span>
     <span class='ocr_line' id='line_1_29' title="bbox 154 3952 1282 4073; baseline 0.005 -24"><span class='ocrx_word' id='word_1_197' title='bbox 154 4063 157 4068; x_wconf 20' lang='grc' dir='ltr'>Ι</span> <span class='ocrx_word' id='word_1_198' title='bbox 208 3981 382 4073; x_wconf 84' lang='lat' dir='ltr'>exposita</span> <span class='ocrx_word' id='word_1_199' title='bbox 400 3983 436 4050; x_wconf 92' lang='lat' dir='ltr'>in</span> <span class='ocrx_word' id='word_1_200' title='bbox 456 3952 693 4073; x_wconf 71' lang='lat' dir='ltr'>personarum</span> <span class='ocrx_word' id='word_1_201' title='bbox 718 3976 1010 4056; x_wconf 67' lang='lat' dir='ltr'>formationibus.</span> <span class='ocrx_word' id='word_1_202' title='bbox 1038 3975 1282 4055; x_wconf 85' lang='lat' dir='ltr'>Diuersorum</span> 
     </span>
    </p>
   </div>
   <div class='ocr_carea' id='block_1_7' title="bbox 36 4107 1284 4195">
    <p class='ocr_par' dir='ltr' id='par_1_7' title="bbox 36 4107 1284 4195">
     <span class='ocr_line' id='line_1_30' title="bbox 36 4107 1284 4195; baseline 0.006 -20"><span class='ocrx_word' id='word_1_203' title='bbox 36 4148 39 4157; x_wconf 93' lang='lat'>·</span> <span class='ocrx_word' id='word_1_204' title='bbox 68 4122 71 4127; x_wconf 83' lang='lat'>&#39;</span> <span class='ocrx_word' id='word_1_205' title='bbox 209 4111 411 4178; x_wconf 77' lang='lat' dir='ltr'>eueceseiua</span> <span class='ocrx_word' id='word_1_206' title='bbox 446 4114 627 4195; x_wconf 87' lang='lat' dir='ltr'>mutatio,</span> <span class='ocrx_word' id='word_1_207' title='bbox 659 4122 702 4179; x_wconf 79' lang='lat' dir='ltr'>vt</span> <span class='ocrx_word' id='word_1_208' title='bbox 728 4108 878 4180; x_wconf 88' lang='lat' dir='ltr'>demum</span> <span class='ocrx_word' id='word_1_209' title='bbox 912 4109 1049 4180; x_wconf 78' lang='lat' dir='ltr'>similia</span> <span class='ocrx_word' id='word_1_210' title='bbox 1082 4107 1284 4185; x_wconf 52' lang='lat' dir='ltr'>laetasint</span> 
     </span>
    </p>
   </div>
   <div class='ocr_carea' id='block_1_8' title="bbox 208 4230 1281 4338">
    <p class='ocr_par' dir='ltr' id='par_1_8' title="bbox 208 4230 1281 4338">
     <span class='ocr_line' id='line_1_31' title="bbox 208 4230 1281 4338; baseline -0.002 -31"><span class='ocrx_word' id='word_1_211' title='bbox 208 4259 302 4311; x_wconf 74' lang='lat' dir='ltr'>tono</span> <span class='ocrx_word' id='word_1_212' title='bbox 326 4253 485 4327; x_wconf 84' lang='lat' dir='ltr'>tanturn,</span> <span class='ocrx_word' id='word_1_213' title='bbox 504 4230 991 4337; x_wconf 70' lang='lat' dir='ltr'>non&#39;veroeignifieatione,</span> <span class='ocrx_word' id='word_1_214' title='bbox 1014 4260 1108 4338; x_wconf 82' lang='lat' dir='ltr'>quae</span> <span class='ocrx_word' id='word_1_215' title='bbox 1119 4246 1281 4337; x_wconf 87' lang='lat' dir='ltr'>primae.</span> 
     </span>
    </p>
   </div>
   <div class='ocr_carea' id='block_1_9' title="bbox 0 0 1354 4830">
    <p class='ocr_par' dir='ltr' id='par_1_9' title="bbox 0 0 1354 4830">
     <span class='ocr_line' id='line_1_32' title="bbox 0 0 1354 4830; baseline 0 0"><span class='ocrx_word' id='word_1_216' title='bbox 0 0 1354 4830; x_wconf 95' lang='lat' dir='ltr'> </span> 
     </span>
    </p>
   </div>
  </div>
 </body>
</html>
