2700 4830
367 321 397 412 t.
417 327 472 392 1v.
494 304 846 394 uenenorum..
1056 322 1136 403 'eor

64 495 156 561 teriti
180 495 304 578 primi,
337 506 371 555 et
392 507 511 580 postea
531 495 565 555 in
590 493 727 575 syntaxi
757 504 949 574 repetemus
972 486 1049 552 loco
1073 506 1136 576 ⁰P·.

65 622 224 689 portuno·
289 632 294 644 ·
400 600 403 605 ’
620 676 623 683 ,
1029 674 1032 685 Ι

66 732 69 739 ’
164 715 236 803 (3)
262 717 300 780 ln
322 714 524 779 formatione
545 715 712 795 temporis
734 712 908 793 praeteriti
930 710 1165 773 secundisa·.
1242 776 1245 791 k
1310 712 1314 721 “

64 826 107 888 tis
128 827 339 888 ostendimus
360 835 394 884 et
414 825 597 905 participia
622 822 720 886 huius
745 818 930 903 temporis,
952 836 1022 885 tam
1044 823 1136 883 Tur·
1232 824 1235 829 '

65 937 159 1013 oica,
189 947 303 996 nostro
326 950 423 992 more
450 951 510 1015 per
533 929 634 994 affixa
661 924 943 1012 pronominaad
972 930 1134 1011 personis
1234 972 1238 981 ·
1298 958 1300 965 ·

64 1040 197 1116 relata3
221 1057 321 1129 qnam
341 1039 443 1100 etiam
464 1020 659 1123 lapponica
668 1087 678 1117 ,
694 1039 859 1133 Fennica,
874 1052 909 1100 et
924 1035 1134 1114 Esthoniea,

12 1181 15 1185 ·
64 1171 183 1214 verum
210 1153 277 1211 ista
296 1149 364 1209 iam
389 1151 486 1212 verbi
508 1153 710 1237 substantiui
741 1150 869 1214 auxilio
901 1151 944 1213 ad
976 1132 1136 1232 personas

67 1259 298 1323 accomodata„
322 1258 389 1320 Sed
401 1259 581 1349 Ganander
593 1303 603 1336 ,
617 1261 688 1320 imo
703 1272 738 1320 et
750 1259 946 1323 Lindahlius
958 1307 967 1337 ‚
979 1271 1014 1320 et
1029 1256 1133 1320 Oehr·
1157 1286 1159 1291 ·
1247 1310 1249 1317 .

65 1362 213 1458 lingius¹,
239 1366 400 1430 exhibent
424 1366 517 1429 aliud
539 1368 642 1426 etiam
662 1367 897 1446 Lapponicum
918 1369 1136 1448 participium
1202 1380 1225 1447 ‚'

65 1479 311 1560 praeteritum,
334 1474 460 1539 factum
482 1474 678 1536 accessione
697 1471 874 1534 formatiui
896 1496 972 1565 cml:
993 1492 1137 1571 etspm,

54 1587 233 1672 Junci-nm
248 1587 336 1665 ,-·qui
361 1586 510 1658 amauit,
536 1585 595 1664 qui
615 1580 773 1644 credidit.
804 1580 899 1643 Idem
920 1599 972 1646 est
990 1584 1054 1648 hoc
1073 1585 1139 1650 for·
1172 1654 1176 1663 ,

58 1700 255 1785 manuum,
269 1696 361 1776 quod
381 1693 508 1757 habent
526 1706 560 1756 et
579 1694 748 1770 Hebraei,
763 1690 823 1755 sed
842 1713 939 1757 more
960 1715 1020 1758 suo
1041 1719 1139 1780 prae-

66 1808 227 1882 missum,
245 1805 279 1866 in
300 1804 487 1885 participiis
507 1805 663 1864 omnium
684 1803 893 1885 specierum,
906 1817 1042 1886 praeter
1060 1798 1138 1879 inl,
1212 1834 1215 1841 ·

69 1929 105 1979 et
123 1916 260 1996 niphal,
284 1915 331 1974 sic
352 1911 422 1974 lere
443 1923 478 1973 et
497 1909 679 1984 Chaldaei,
699 1923 732 1972 et
747 1911 845 1991 Syri,
868 1926 902 1974 et
921 1916 1076 1994 Arabes,
1091 1915 1141 1977 id·
1233 1972 1236 1977 .

69 2021 180 2103 quein
192 2018 333 2090 actiuis,
348 2032 382 2079 et
395 2017 540 2099 passiuis
555 2061 565 2094 ‚
583 2022 611 2097 ζ)
634 2015 731 2098 (me)
746 2019 800 2103 ‚lli
826 2015 907 2099 (rna
918 2021 936 2102 )
945 2021 999 2101 ,p
1017 2016 1090 2098 (mi
1099 2021 1138 2107 ):
1288 2016 1294 2023 ’

70 2132 192 2238 'wlff
207 2125 411 2213 (manrici),
428 2133 485 2208 qui
495 2106 665 2210 inspicere
681 2126 763 2192 lecit
774 2148 784 2206 3
796 2129 906 2232 “11¹2le
922 2125 1139 2215 (trepide),
1191 2110 1195 2120 “

71 2245 128 2326 qui
146 2245 313 2327 inspicere
327 2241 436 2303 lactus
459 2254 530 2322 est3
553 2242 586 2301 in
600 2244 710 2323 specie
730 2246 842 2326 hiphil
858 2245 991 2319 actiua,
1012 2256 1048 2313 et
1064 2263 1141 2326 pas-

68 2354 152 2416 siua.
187 2352 303 2415 Nullus
319 2351 438 2415 dubito
460 2348 553 2432 idem
575 2368 643 2411 esse
664 2348 778 2430 hoct?
804 2350 928 2436 (mo),
952 2355 1045 2435 quod
1071 2355 1139 2416 iam

72 2466 230 2553 vidimus¹
247 2469 281 2527 in
298 2464 506 2527 formatione
524 2452 704 2523 infinitiui:
727 2436 795 2526 nisi
813 2465 906 2544 quod
924 2463 994 2526 illic
1015 2469 1051 2527 in
1064 2469 1142 2531 sub·
1206 2444 1209 2451 ¹

66 2556 231 2640 stantiuis¹
257 2573 445 2639 verbalibus
471 2571 674 2633 substantiui
703 2570 818 2635 valore
849 2577 1052 2639 sumendum
1077 2580 1141 2655 sit,

69 2689 232 2768 perfectio
244 2711 257 2758 ;
271 2686 326 2748 hic
346 2703 426 2747 vero
448 2685 483 2745 in
502 2681 681 2745 adiectiuis
700 2680 890 2748 verbalibus
911 2684 1143 2753 adiectiuiva-

72 2795 147 2858 lore
158 2845 170 2876 ‚
186 2799 367 2879 perfectus.
390 2793 432 2854 Vt
452 2792 596 2874 proinde
616 2808 722 2853 etrum
749 2791 793 2853 sit
814 2799 941 2859 amatio
961 2799 1142 2883 perfectae
1226 2874 1230 2882 '

64 2908 225 2992 jaaclram
246 2923 325 2968 vero
346 2905 487 2966 creditio
504 2902 668 2983 perfecta.

167 3081 198 3144 4.
401 3060 625 3151 TEMPORIS
648 3058 820 3127 FVTVRI.

174 3176 415 3273 Participium
438 3179 615 3272 temporis
632 3174 765 3264 futuri,
781 3179 1056 3265 deser-ende,
1074 3179 1145 3272 lep·
1184 3172 1187 3179 ’

73 3288 210 3396 end-es)
237 3292 580 3395 dieser-tetendi,
604 3302 847 3379 tahar-ando
860 3361 873 3394 ,
892 3302 1145 3406 flori-ande,
1309 3327 1315 3399 ,¹

77 3440 400 3511 tolerent-ando
412 3413 438 3518 ,ἱ
451 3451 506 3506 est
528 3439 607 3530 ipsa
626 3440 729 3507 tertia
752 3438 911 3530 persona
931 3438 1146 3533 singularis,
1201 3408 1210 3413 ..
1291 3412 1296 3423 Ι

47 3646 53 3657 ,
75 3571 254 3663 temporis
276 3568 385 3639 futuri
404 3568 541 3658 exacti,
555 3589 600 3635 ex
622 3563 847 3638 formatione
869 3564 1144 3662 antiquissima,
1240 3604 1248 3613 ·

77 3668 284 3774 accessione
309 3697 409 3766 affixi
432 3697 659 3788 pronominis
681 3697 740 3783 δ’,.
758 3695 880 3773 vocali
908 3708 1148 3796 congruenter
1199 3692 1202 3697 ’
1295 3683 1302 3697 ’

77 3846 221 3903 mutata
244 3832 268 3901 ό
277 3876 290 3910 ,
319 3827 381 3896 ille
393 3881 404 3913 ,
433 3823 514 3911 illa,
534 3826 643 3912 illud,
667 3844 792 3919 aperta
810 3828 855 3898 ad
874 3848 1072 3925 personam
1094 3851 1148 3898 re·
1322 3790 1327 3805 Ι

78 3964 288 4047 strictione,
307 3959 370 4027 sed
393 3953 450 4024 hic
471 3950 614 4025 relatiui
632 3957 781 4044 valore,
797 3941 878 4050 qui,
895 3981 1009 4051 quae,
1024 3957 1148 4052 quod,

79 4093 164 4193 lege
181 4114 326 4199 prorsus
349 4087 501 4169 eadem,
518 4080 590 4181 qu'a
604 4088 838 4183 participium
860 4109 1056 4181 praesens,
1077 4086 1151 4160 for·
1178 4182 1181 4205 Ι

76 4237 243 4312 matum,
269 4236 306 4292 et
324 4242 390 4293 vsu
413 4216 544 4290 eodem
572 4239 639 4314 pro
663 4212 860 4318 participio
882 4228 1065 4318 sumtum-r
1089 4216 1162 4313 qui·
1219 4302 1224 4309 ¹
