2700 4830
121 423 128 431 .
223 320 305 448 1630
369 346 951 426 u1unsontnnsno.vsss.
977 358 1151 426 rosus.
1208 314 1217 329 ’

223 535 298 604 bris
320 531 434 601 seculi
454 528 489 602 Χ
496 528 556 607 Vi.
583 542 622 597 et
645 523 774 601 XVII.
795 549 844 598 ex
872 523 1201 626 quibusexcerpta
1224 548 1307 604 sunt

200 663 203 671 ’
224 660 317 731 haec
338 658 480 744 verba',‘
499 654 659 743 Lexico,
683 672 720 726 et
738 652 974 740 Dictionario
991 643 1124 739 iliata,
1142 655 1306 728 formam

225 790 424 868 secundam
451 790 525 856 iam
555 807 630 856 non
659 783 776 856 fuisse
807 772 997 856 stabilemi
1020 767 1229 880 Perpetem
1251 785 1306 857 lo-

131 894 135 941 ³
225 924 357 1016 quitur.
382 912 606 1014 Verscgius:
637 939 712 995 non
736 908 828 1011 legit
858 913 972 1001 libros
1005 917 1200 1012 antiquos·
1235 914 1305 993 Ista

73 1026 98 1047 h
202 1092 205 1097 -
227 1037 377 1144 quidem
399 1045 538 1127 verba,
570 1058 607 1114 et
637 1034 769 1126 antea,
801 1045 907 1139 estis
927 1045 1057 1116 seculis
1082 1062 1186 1117 erant
1211 1034 1318 1118 radi

26 1264 31 1279 ⁸
117 1198 121 1203 ·
227 1176 326 1246 cibus
359 1177 491 1247 nudis:
524 1174 657 1244 eadem
684 1197 781 1245 nunc
811 1196 958 1276 quoque
986 1175 1183 1246 taliasunt
1207 1175 1305 1272 apud

115 1377 118 1383 ,
227 1329 292 1376 eos
318 1319 442 1392 certe,
477 1305 540 1398 qni
571 1320 709 1375 rectam
725 1304 1044 1389 ,consuetudinem
1066 1302 1232 1376 fideliter.
1253 1328 1305 1376 se·

139 1436 148 1503 .“
228 1449 400 1530 quantur,
430 1433 470 1504 in
492 1405 548 1503 his
571 1436 673 1505 stetit
695 1435 845 1537 propria
869 1454 998 1513 eorum
1019 1432 1165 1507 format
1196 1416 1305 1507 stabi·

226 1565 271 1635 lis
306 1560 376 1633 fuit
411 1558 448 1634 'et
474 1532 597 1651 altera
629 1562 749 1633 forma
785 1559 989 1667 verborum¹
1023 1562 1146 1633 radice
1182 1522 1304 1654 sucta,

227 1716 326 1764 nam
351 1691 510 1764 adducta
521 1664 627 1762 fha'ec
657 1691 772 1762 verba
801 1714 879 1762 non
904 1691 1212 1786 pertinebant'lsd
1236 1693 1304 1766 for·

226 1841 330 1889 snam
355 1790 489 1904 istam,
522 1838 603 1887 earn
628 1815 786 1910 proinde
813 1836 886 1889 noo
914 1830 1085 1911 poterant
1108 1816 1306 1896 destruere.

66 1954 71 1961 '
111 1956 114 1963 “
194 1946 334 2037 ,Ηὶε,
371 1966 408 2019 et
443 1946 605 2044 pluribus
639 1942 748 2035 aliis,
789 1968 915 2017 recens
952 1944 1208 2029 consuetudo,
1243 1964 1305 2051 per

20 2098 36 2125 ‘·
85 2054 93 2081 ’
136 2092 139 2098 “
228 2072 480 2175 ignorantiam
512 2068 745 2158 introducta,
777 2074 914 2146 vitiose
942 2069 1061 2146 affixit
1096 2075 1137 2144 it
1169 2098 1303 2171 prono·

122 2270 127 2288 ,
229 2231 341 2280 rnen:
372 2206 541 2301 fay-ik,
575 2203 717 2300 use-ik,
748 2204 928 2298 mosa-ih,
955 2200 1340 2304 asvl'krssdfid'dr.

228 2341 280 2407 sic
306 2350 342 2403 et
363 2334 527 2428 reliquis.
565 2329 719 2428 Loquor
750 2355 820 2430 ego
844 2333 890 2403 de
914 2322 1233 2431 hissmeumq'ue.
1255 2360 1305 2407 as·

228 2479 366 2533 sertum
402 2458 630 2552 antiquitatis
658 2432 876 2531 auctoritate
905 2462 993 2532 satis
1017 2455 1198 2545 confirmo
1224 2466 1304 2536 loco

155 2556 164 2571 ³
230 2583 367 2661 eodem
392 2580 500 2689 (pag.
526 2587 657 2692 954.):
688 2615 762 2689 quo
784 2589 984 2692 Versegius
1007 2561 1187 2670 insidiose
1211 2598 1305 2668 salti-

104 2812 107 2819 .
228 2717 360 2806 tabat,
387 2735 431 2788 vt
452 2734 581 2815 posset
606 2721 795 2813 quidpiam
822 2736 946 2792 contra
966 2746 1026 2794 me
1054 2728 1238 2819 arripere,
1271 2740 1303 2794 et

190 2861 192 2869 '
227 2874 339 2944 praue
367 2848 601 2940 detorquere.
639 2845 688 2920 Et
711 2849 892 2922 huno-ille
922 2852 1045 2923 losum
1071 2857 1190 2925 sciens
1220 2879 1298 2950 ptu-

107 3031 110 3039 ,
191 3036 193 3043 ,
229 2976 396 3072 densque
419 2979 628 3071 praeteriit:
665 2971 881 3076 dedignatur
910 2986 1011 3051 enim
1037 2980 1300 3082 quidpiam'ex

228 3103 447 3200 antiquitate
469 3108 625 3188 discere,
666 3107 884 3183 Consultum
909 3127 1034 3186 tamen
1062 3129 1160 3185 esset
1182 3116 1297 3210 profe·

181 3225 201 3247 ''
228 3248 287 3302 oto
314 3248 351 3301 et
370 3234 440 3327 ipsi
460 3237 960 3334 antiquitatisfcognitionern
983 3262 1116 3336 capere
1140 3226 1293 3336 penitio-

41 3446 45 3453 .
90 3452 102 3471 l
224 3377 302 3423 rem
331 3354 392 3426 vei
412 3362 636 3456 propterea,
670 3360 700 3433 si
734 3387 810 3437 non
841 3357 936 3436 adeo
962 3363 1126 3456 discendi
1159 3370 1295 3462 gratia,

228 3504 275 3551 ne
299 3483 349 3552 illi
373 3483 466 3559 falsa
489 3485 667 3588 affingat,
693 3489 741 3561 ob
767 3491 865 3588 quod
887 3507 1019 3588 postea
1037 3513 1229 3581 necessum
1242 3493 1298 3569 ha·
1321 3526 1326 3532 ·

227 3610 315 3684 beat
337 3613 476 3686 rubere.

255 3771 258 3775 ·
311 3768 350 3830 u.
441 3749 758 3841 '‘nnssousvu
781 3778 1040 3846 secun-nunu.
1337 3848 1340 3853 .

330 3880 483 3982 Loquor
508 3889 586 3959 iarn
610 3889 656 3962 de
680 3893 858 3992 exernplis
881 3893 1020 3968 alteris.
1049 3889 1143 3968 Sunt
1170 3893 1300 3965 istaes

231 3990 489 4103 Grsrnmaticis
518 4032 686 4102 tanturn,
721 4010 795 4092 nor‘r
821 4045 910 4095 vero
933 4045 979 4093 ex
1001 4016 1083 4090 aliis
1108 4019 1300 4118 Scriptori·

230 4138 323 4220 bus,
347 4140 520 4221 adducta.
559 4141 600 4216 In
625 4147 781 4220 Alberto
807 4145 984 4257 Molnaiso
1004 4151 1118 4222 miror
1146 4150 1299 4225 verbum

204 4267 338 4361 ,essem
363 4293 436 4344 non
463 4295 529 4370 per
553 4279 678 4350 omnia
707 4283 901 4354 conuenire
922 4302 1005 4361 curn
1029 4277 1145 4357 verbo
1176 4282 1296 4381 istrum.
1327 4352 1333 4358 .
