2700 4830
111 291 172 388 *63
206 242 616 387 xnrttnotourunr
632 240 802 387 nster.
823 291 884 361 111.
904 257 1004 360 cre.
1025 297 1053 362 1

46 490 86 537 .·
112 430 254 532 christus
282 477 440 531 venturus
468 474 527 527 est
568 465 721 543 Tudvan,
743 465 833 546 hogy
855 464 984 527 terreor
1004 482 1086 524 nem
1097 463 1183 525 eloe-
1216 490 1220 497 ·

102 581 233 665 frendo
252 575 426 638 murhuvul
440 574 600 638 vu'ltu'nult
621 597 692 656 meg
716 573 770 656 (Ι.
780 571 885 639 Pete,
903 574 935 636 Ι
955 573 1218 654 18.).Scieos‚

34 692 36 697 '
113 701 165 750 tes
175 733 188 765 ,
210 689 301 768 quod
322 705 391 750 non
412 683 715 803 corruptibilibus,
740 702 845 766 auro,
866 697 900 746 et
917 703 1017 771 arger
1024 696 1079 757 to,
1078 667 1182 746 '·red
1228 678 1261 733 fi

109 801 196 862 emtr
216 799 309 862 estis
371 864 374 879 Ι

88 876 92 895 ⁴
115 920 119 927 '
214 903 281 988 (3)
304 906 538 969 Formatiunm
559 905 642 981 ond,
663 888 832 966 radicibus
857 904 1051 982 adiectum,
1068 923 1184 967 earum

36 1004 39 1012 ’
112 1007 354 1100 significationi
377 1012 539 1095 propriae
559 1010 666 1072 futuri
686 1004 859 1073 hotionem
880 1009 1113 1072 secundariam
1126 1008 1184 1070 ad-

52 1141 57 1147 ·
115 1124 196 1186 dere
220 1143 286 1187 uon
309 1116 428 1205 pos'set
438 1166 449 1197 ,
465 1116 623 1184 nisi-eam
638 1163 649 1198 ‚
664 1121 727 1183 sibi
749 1120 829 1182 olim
849 1120 1034 1198 tributam,
1056 1130 1092 1181 et
1106 1138 1184 1200 pro-

72 1288 78 1300 .
114 1235 226 1318 priam
250 1232 408 1309 haberet,
428 1248 489 1293 vsu
510 1230 612 1290 etiam
633 1240 798 1327 separato,
824 1228 863 1291 ld
881 1228 1016 1309 quidem
1039 1214 1187 1290 vocabu-

114 1345 190 1411 lum
200 1365 274 1408 esse
288 1345 406 1407 debuit
424 1341 505 1404 olim
522 1343 748 1418 distinctum,
771 1339 962 1447 etlrocipso
974 1335 1183 1426 significans.

212 1452 432 1526 Manifestum
446 1463 498 1513 est
510 1449 607 1514 huius
621 1453 804 1536 vestigium
819 1454 854 1514 in
869 1453 995 1530 verbo,
1007 1451 1194 1527 Hebraeis,

116 1563 321 1642 chaldaeis,
353 1575 388 1625 et
416 1562 506 1643 Syris
529 1562 724 1626 communi:
747 1568 825 1658 *my
857 1563 994 1643 (deod)
1022 1569 1043 1632 y
1069 1561 1181 1649 (uin)

16 1674 20 1683 ’
116 1678 345 1756 adspiratione
365 1671 516 1751 difficili,
539 1685 576 1734 vt
595 1690 696 1753 saepe
715 1668 776 1747 fit,
807 1685 841 1742 ee
860 1670 914 1734 hic
935 1658 1090 1758 neglecta
1102 1717 1112 1748 ,
1134 1675 1186 1734 in.

117 1787 230 1865 stitit,
251 1786 471 1862 imminebat,
494 1781 718 1845 futurusfuit
742 1778 861 1879 Idem,
880 1793 913 1843 et
931 1801 1076 1845 nummis
1092 1780 1186 1843 valo

16 1920 72 1985 ι
103 1903 153 1958 re
171 1897 335 1958 usitatum
347 1939 358 1970 ,
381 1904 432 1955 est
454 1896 607 1966 instans,
619 1910 799 1955 imminens
811 1888 987 1967 ,futurus
1010 1891 1084 1953 Hoc
1104 1893 1188 1952 utud

12 2042 15 2051 ·
114 2005 244 2068 nostris
265 1989 477 2087 originibus,
499 1984 689 2082 acceptum
696 1998 1116 2097 delinguaprimigenia,
1129 2002 1185 2063 ab·

11 2092 13 2097 Ι
114 2114 157 2176 iit
177 2116 210 2174 in
228 2098 534 2191 monosyllabum,
558 2122 592 2171 et
610 2109 720 2173 vocali
748 2109 974 2192 probabiliter
999 2112 1184 2192 producta,

11 2216 15 2221 ’
76 2260 78 2267 ·
116 2221 273 2298 adeam,
297 2237 383 2301 quae
409 2231 575 2301 expuncta
605 2234 678 2297 est,
701 2225 1017 2302 compensandam,
1039 2220 1119 2284 ded:
1143 2221 1186 2282 de

117 2349 225 2410 quo,¹
241 2349 300 2410 per
324 2329 562 2391 intensionem
582 2330 664 2391 duas
687 2329 720 2391 in
749 2350 791 2393 eo
816 2349 983 2394 consonas
1012 2334 1188 2393 sonantius

96 2526 99 2533 Ι
117 2437 355 2519 exprimendi,
378 2437 492 2519 priore
510 2439 543 2500 in
556 2461 576 2500 n
588 2451 733 2516 mutata,
758 2453 872 2502 ortum
891 2450 944 2501 est
960 2441 1096 2501 demum
1110 2439 1187 2503 n'nd.

215 2545 269 2610 Sic
295 2560 444 2610 nostrum
475 2559 546 2626 ott,
568 2552 702 2631 fundit,
725 2550 818 2632 quod
837 2553 1024 2633 antiquitus
1047 2551 1104 2613 diu
1125 2549 1187 2614 hac

60 2718 63 2724 ,
115 2654 226 2719 forma
247 2658 374 2744 vrgutt
399 2628 520 2735 eodem
547 2660 766 2741 nisurprius
794 2661 938 2727 mutauit
960 2681 996 2722 m
1017 2683 1061 2735 n,
1092 2671 1127 2722 vt
1147 2678 1197 2722 eo

66 2857 68 2860 .
116 2764 290 2854 hodieque
314 2771 459 2846 utimur,
483 2783 553 2833 ont
586 2772 720 2833 Pariter
748 2783 781 2832 et
803 2773 948 2857 lregyed,
972 2774 1086 2859 gratia
1107 2785 1188 2850 tua,

116 2876 153 2939 in
179 2890 356 2942 contracto
384 2881 511 2962 kegyd,
537 2881 581 2941 ob
606 2901 726 2944 sonum
749 2877 921 2944 difficilem
937 2912 959 2961 ,·
973 2881 1050 2945 loco
1067 2903 1115 2964 gy
1135 2903 1191 2947 ec-

117 2988 269 3069 cepit'n‚
283 2987 505 3069 vocalemque
527 2990 645 3052 obtuse
659 2988 841 3081 produxit,
865 2994 958 3053 lend.
982 2992 1078 3072 Apud
1100 2992 1189 3074 Lap-

115 3117 224 3180 pones
256 3100 393 3162 verbum
416 3102 579 3181 wudu-et,
611 3114 738 3163 resecta
763 3098 923 3164 infinitiui
951 3103 1191 3165 terminatione

41 3223 45 3229 ’
116 3211 232 3284 wudd,
245 3209 279 3269 id
300 3221 371 3285 cst,
386 3209 466 3287 dat,
479 3229 664 3301 consonam
685 3213 709 3271 d
726 3212 891 3298 geminat.
916 3210 1191 3289 Sed-Esthones‚

88 3389 91 3394 Ι
118 3318 347 3399 pronunciatu
367 3315 538 3393 faciliore,
559 3319 592 3379 in
623 3318 743 3380 eodem
770 3319 873 3380 verbo
900 3320 1053 3400 dpriori
1072 3343 1093 3382 ιι
1115 3320 1190 3381 sub·

31 3487 35 3497 ,
117 3427 318 3501 stituerunt,
341 3424 499 3512 neglecto
520 3428 596 3517 ipso
619 3427 720 3493 etiam
745 3425 854 3491 halitu
879 3427 1025 3490 obscuro
1048 3450 1089 3498 v,·
1113 3430 1191 3492 und-

62 3617 65 3623 ,
117 3556 192 3608 ma,
226 3535 337 3616 geben,
373 3536 474 3608 dare,
508 3538 635 3599 amissa
661 3534 785 3599 infiniti
816 3540 1083 3621 terminatione,
1113 3523 1190 3598 and,

119 3646 281 3710 Nostrum
309 3649 375 3722 n'd,
408 3645 459 3708 his
490 3658 605 3743 aperte
633 3665 843 3732 congruens,
871 3665 1055 3709 consonam
1080 3646 1214 3732 negiu,

36 3778 40 3789 ·
97 3765 205 3819 ,ctam
225 3766 431 3834 compensat
455 3751 565 3815 vocali
585 3752 780 3834 producta3
804 3752 863 3813 sed
887 3757 1012 3832 lpuam,
1040 3750 1068 3810 si
1081 3749 1197 3812 incre-

32 3900 40 3911 κ
119 3877 211 3942 scat,
237 3846 353 3926 statim
375 3863 530 3943 corripit.
567 3863 674 3925 Notat
691 3863 834 3938 Vaterus
859 3859 981 3943 (Partz
1008 3862 1036 3925 Ι.
1058 3862 1144 3925 Sect.
1166 3863 1193 3924 Ι.

96 3973 199 4053 ·Cap.
220 3970 266 4036 11.
288 3980 315 4054 ς.
339 3972 415 4057 54.)
441 3971 534 4052 apud
565 3969 777 4059 Chaldaeos,
801 3971 827 4031 si
859 3990 926 4052 qua
957 3969 1056 4033 litera
1085 3970 1193 4057 gemi-

5 4095 14 4149 ,’
60 4109 68 4115 ’
115 4083 227 4146 ttartda
254 4085 321 4156 sit,
346 4080 395 4142 illi
420 4081 661 4166 geminationis
682 4079 763 4160 loco
788 4099 888 4163 saepe
914 4067 1086 4163 praemitti
1107 4076 1193 4138 sole·

42 4172 49 4185 ⁰
114 4212 152 4258 re
175 4204 192 4265 Ἀ
215 4193 333 4278 (nun)
357 4208 564 4255 consonam.
596 4193 649 4256 Sic
673 4208 866 4274 pronomen
887 4180 1052 4254 secundae
1073 4194 1197 4270 perso-¹

822 4482 834 4511 b
