2700 4830
1079 128 1129 177 „l

144 310 167 378 ss
199 341 297 429 ειη,
333 324 651 449 nrrnpnocnn
675 330 761 396 P.1.
782 316 1138 417 succinendo
1235 392 1249 409 ,

201 493 337 575 valore,
360 501 394 560 in
421 500 634 573 laudatione,
658 507 692 561 in
721 502 883 579 tectionat
919 484 965 559 eo'
989 499 1104 583 etiam
1119 499 1273 569 exactius

201 607 236 669 in
257 611 467 688 praeterito,
488 611 522 669 in
537 608 731 695 (arcuatione
739 588 943 690 praeterita,
966 611 1001 671 in
1020 611 1160 673 tectione
1173 629 1273 689 pruc-

95 788 113 807 .
200 723 312 784 terito.
338 719 392 782 Sic
413 732 446 781 et
467 720 536 783 alia
557 722 712 783 notionis
734 721 913 801 passiuae,
938 730 971 780 et
992 719 1152 780 neutrius.

296 832 420 895 Verum
441 833 516 913 ipsa
540 833 641 893 etiam
661 827 775 893 forma
797 850 992 912 pura,.non
1005 832 1158 907 variata,
1179 802 1283 893 vete-⁰
1315 841 1317 844 ’

200 957 278 1001 rum
303 959 425 1021 nempe
448 940 614 1021 exemplis
637 942 764 1002 sensim
787 939 953 1016 exoletis,
976 950 1010 1001 et
1029 939 1201 1002 obliuione
1222 959 1273 1001 se-

130 1034 133 1043 ’
200 1046 322 1129 pultis,
344 1034 447 1134 vulgo
468 1068 531 1129 pro
553 1048 715 1109 aduerbio
737 1042 902 1123 habetor3
925 1066 999 1116 cum
1018 1024 1133 1107 tamen
1152 1030 1272 1109 reuera

201 1156 414 1221 adtecriuum
431 1161 495 1232 sit,
519 1156 572 1220 vel
592 1154 773 1230 absoluta,
798 1156 870 1218 sine
889 1156 955 1219 vlla
977 1158 1171 1220 inflexione.

299 1267 383 1330 Inde
413 1265 559 1329 formam
582 1278 761 1347 utramque
791 1265 947 1331 nonnulli
971 1268 1039 1329 iam
1068 1267 1273 1352 gerundium

203 1394 277 1438 esse
293 1377 434 1450 dicunt,
449 1376 574 1438 Latin'a
590 1375 737 1456 quadam
760 1374 985 1439 similitudine
1002 1377 1160 1440 abducti:
1177 1377 1273 1456 quod

202 1504 303 1568 saepe
314 1531 326 1563 ,
347 1486 460 1549 verbis
482 1481 589 1548 finitis
611 1485 746 1561 iuncta,
769 1501 847 1547 eum
867 1505 1003 1549 sonsum
1020 1483 1273 1567 faciant,prae·
1344 1516 1346 1525 ¹

200 1599 315 1659 tertim
335 1597 378 1660 ad
400 1574 706 1682 interrogationem
728 1597 907 1674 quomodo:
930 1599 987 1677 qui
1010 1596 1044 1657 in
1065 1596 1185 1656 Latino
1211 1596 1272 1656 ab·

15 1696 18 1712 ⁵
111 1752 115 1763 .
200 1705 299 1771 latini
321 1727 416 1771 casus
443 1704 610 1794 gerundio
633 1703 859 1783 exprimitur,
883 1715 920 1764 vt
946 1704 1049 1785 paulo
1077 1717 1154 1765 ante
1181 1703 1269 1766 vidi·
1289 1708 1315 1784 j

199 1835 272 1878 mus
292 1817 326 1879 in
349 1814 460 1879 forma
484 1812 685 1878 aduerbiali.
710 1812 774 1876 Sed
794 1826 827 1875 et
845 1813 964 1874 Latina
984 1813 1163 1895 participia
1177 1833 1269 1881 ,non
1309 1844 1312 1848 ,

202 1925 313 1989 solum
337 1901 530 2012 gerundia,
553 1922 760 2003 respondent
777 1940 877 2003 saepe
895 1906 1269 2009 eidem-,interrogatio-

200 2037 259 2097 ni:
287 2054 340 2096 ex.
360 2053 410 2120 gr.
438 2034 599 2113 quomodo
627 2033 723 2093 illum
747 2035 896 2095 vidisti?
926 2036 1109 2110 iacentem,
1138 2055 1268 2116 gernon-

199 2157 275 2205 renz.
300 2141 379 2205 Sola
400 2161 484 2228 ergo
503 2140 585 2203 haec
607 2142 695 2202 ratio
719 2160 788 2203 non
814 2139 940 2235 sufficit
959 2143 1001 2204 ad
1023 2143 1268 2227 gerundiorum

199 2240 518 2327 compellationem.
542 2246 672 2309 Deinde
684 2246 828 2315 sormam
843 2238 1076 2324 aduerbialem
1089 2291 1100 2324 ,
1112 2266 1172 2328 per
1191 2267 1271 2309 ean-

199 2352 278 2418 dem
302 2356 590 2438 postpositionem
612 2381 680 2434 an,
702 2358 872 2437 accipiunt
902 2370 936 2419 et
960 2355 1065 2420 altera
1091 2358 1271 2438 praeteriti

198 2468 365 2549 temporis
387 2469 594 2551 participia,
611 2469 656 2532 ad
676 2468 819 2530 eandem
841 2468 1147 2552 interrogationem
1164 2469 1272 2549 ‚hogy-
1286 2464 1305 2509 ¹-

199 2559 264 2654 ἄνη
286 2579 516 2658 elfdrwt-on,
541 2579 577 2640 e‘s
597 2579 822 2660 megrizott-un
845 2575 956 2639 cillanlt
981 2580 1047 2641 itta·
1069 2573 1304 2664 defatigati,xv

100 2760 104 2773 Ι
200 2698 236 2749 et
255 2686 438 2752 madefacti
458 2700 587 2750 stamus
608 2672 672 2749 hic}
711 2686 798 2749 Num
821 2686 929 2772 igitur
948 2699 982 2747 et
999 2680 1089 2748 haec‘
1102 2687 1269 2774 gerundia

123 2854 124 2858 ,
166 2772 174 2785 ’
199 2797 357 2861 dicemus
376 2786 589 2878 propterea?
625 2796 677 2861 sie
700 2797 809 2876 poscit
830 2794 947 2881 lingua
968 2809 1083 2857 nostra
1108 2814 1206 2875 saepe
1235 2806 1270 2856 et

202 2904 270 2966 alia
289 2904 480 2967 adiectiua:
502 2907 609 2965 milor
624 2906 755 2968 lu'ttunlt
771 2904 900 2986 tegedet
920 2905 1074 2988 beregen,
1089 2882 1268 2988 esszurdn-

197 3002 330 3072 dolon?
363 3010 459 3093 Quae
488 3021 601 3072 tamen
629 3012 748 3074 Latine
772 3032 837 3073 non
864 3013 911 3073 sio
936 3010 1121 3083 efferimus,
1150 3029 1267 3072 verum

163 3174 167 3181 .
197 3139 274 3182 cum
296 3119 521 3182 substerniuis
541 3122 609 3183 suis
632 3123 902 3184 concordantia:
927 3124 1056 3204 quondo
1076 3134 1109 3182 te
1128 3123 1272 3181 vidimus

199 3245 392 3311 aegrotum,
413 3245 446 3293 et
462 3236 703 3316 peregrinum?
738 3233 828 3322 Ergo
858 3245 893 3309 et
919 3233 1034 3318 priora
1057 3234 1267 3314 'participia,

69 3346 95 3379 '·
125 3400 126 3411 ,
197 3356 315 3399 reuera
341 3350 376 3399 vt
407 3339 611 3420 participia,
634 3352 670 3402 vt
701 3343 892 3420 adiectiua,
923 3342 1067 3403 eandem
1099 3335 1268 3422 recipiunt

198 3447 421 3517 construendi
445 3450 625 3511 rationem.
660 3449 850 3531 thue-illa
871 3450 1027 3530 exposita
1056 3458 1133 3510 sunt
1156 3443 1267 3525 'nomi-

144 3584 148 3593 ·
197 3571 287 3644 num
314 3551 441 3631 valore,
464 3555 615 3641 genuina
645 3540 864 3621 construendi
890 3557 1021 3618 ratione
1055 3554 1265 3615 adverbum
1316 3592 1319 3599 ·

197 3663 355 3757 reddita,
379 3642 518 3746 proprie
549 3670 596 3731 sic
622 3652 810 3732 redduntur
832 3678 867 3726 et
889 3667 977 3753 ista:
998 3673 1033 3731 in
1055 3665 1243 3746 ‘defatigato
1256 3709 1268 3741 ,

89 3832 94 3841 .
197 3772 231 3837 in
257 3760 444 3855 mddcssforto
464 3792 594 3841 stamus
614 3782 669 3856 liic
680 3801 692 3849 ,⁶
716 3779 846 3860 quondo
873 3793 906 3839 te
928 3765 1074 3840 vidintur
1096 3781 1131 3840 'in
1157 3794 1272 3859 oegro-

196 3903 252 3966 to,
265 3890 310 3949 ‚in
328 3890 501 3966 peregrino
515 3891 531 3950 ?
822 3956 826 3965 „
984 3884 988 3891 ’
1239 3878 1242 3883 ’

295 3996 357 4058 llln
379 4000 493 4079 priora
513 4013 588 4056 cum
609 3986 677 4056 sint
689 3977 810 4057 reuera
827 3996 1027 4077 participia,
1043 4008 1154 4058 ortum
1170 4013 1267 4056 snum

97 4146 105 4167 t
198 4127 218 4169 a
238 4119 396 4186 tempore
417 4105 605 4189 homologo
624 4107 747 4167 ducere
766 4105 879 4167 debet.
902 4105 1075 4195 Formatio
1095 4103 1272 4186 praeteriti

196 4217 318 4296 primi,
345 4231 445 4295 quam
474 4212 575 4298 dedi,
601 4224 636 4274 vt
662 4213 798 4296 opinor,
833 4195 891 4277 ao‘
907 4192 1138 4291 euidentiam,
1161 4211 1270 4273 tnani⁴
