2700 4830
56 294 67 321 ²
119 336 182 407 rra
319 301 652 431 arritonooraa
669 326 707 394 P.
729 325 757 389 1.
780 300 901 392 sacr.
923 321 987 390 111.

97 514 166 562 -ea
186 507 290 580 sunt,
304 501 308 545 ἒ
323 517 417 589 quae
442 490 577 581 statui,
602 517 665 563 seu
686 487 891 573 habitudini
918 490 1034 563 verbo
1055 488 1193 566 indica·

120 637 207 710 tae,
230 621 438 693 adiunctam
463 621 601 695 habent
620 625 811 696 'notionem
827 619 1099 712 inchoationis,
1115 647 1194 694 mu-

120 753 298 835 tationis,
324 728 633 840 continuationis,
673 750 1002 850 frequentationiS,
1034 751 1194 824 diminu-

26 894 33 905 ·
119 882 258 967 tionis,
285 895 321 949 et
341 879 690 979 simulvtririsque,
714 883 1017 980 frequentationis
1038 884 1194 954 diminu-

14 1098 24 1105 ..
119 1022 202 1099 tac3
227 1013 265 1079 iu
287 1007 412 1106 lingua
440 1030 583 1095 nostra,
619 1011 762 1113 singula
785 1015 982 1107 peculiari,
1011 983 1201 1109 quaedam,

10 1191 13 1195 -
121 1137 233 1212 ctiam
255 1136 450 1240 variante,
475 1142 701 1220 formatione
726 1165 915 1238 expressa.
960 1152 966 1192 ³

72 1278 79 1294 ’
200 1311 234 1360 2.
461 1297 605 1360 vanna
625 1296 845 1360 narcara,

224 1408 318 1487 Sunt
336 1425 528 1506 praeterea
548 1411 662 1482 verba
684 1409 825 1495 multa,
849 1413 1054 1495 attentione
1079 1414 1208 1487 maio.

120 1562 161 1611 re
187 1537 322 1634 digna,
352 1564 468 1635 quae,
503 1559 671 1614 assumto
696 1542 872 1638 peculiari
895 1540 1116 1628 formatiuo,
1141 1548 1199 1615 in·

38 1745 64 1773 ἡ,
118 1656 295 1742 dicantur*
308 1671 446 1767 aliquid
471 1695 601 1772 agere,
627 1666 697 1741 'sel
722 1667 834 1741 etiarn
866 1671 972 1762 pati,
1005 1688 1197 1744 versasse

118 1778 226 1892 ipra,
243 1804 301 1875 sui
312 1796 444 1871 intuitu
457 1850 469 1882 ,
490 1815 527 1869 et
548 1813 717 1892 respectu
738 1794 785 1865 ad
808 1819 859 1867 se.
887 1793 1031 1870 Eanos
1048 1795 1195 1889 reflexa

9 1942 13 1953 '
116 1928 288 1998 dicimus.
317 1928 481 2016 Quidam
496 1928 690 2021 reciproca
713 1920 862 2002 dicunt:
884 1928 948 1997 sed
975 1930 1194 2004 haecdeno.

115 2051 275 2124 minatio
301 2054 422 2147 aptior
445 2055 569 2125 estad
592 2052 691 2123 aliud
712 2052 908 2139 verborum
931 2080 1068 2148 genus,
1091 2059 1192 2155 quod
1239 2151 1241 2155 Ι

116 2174 208 2254 mori
228 2196 412 2278 sequetun
440 2177 563 2252 Verba
587 2180 721 2253 reflexa
743 2182 900 2276 triplicia
922 2202 1019 2264 sunt,

78 2350 83 2365 ι
120 2390 123 2399 ,
221 2320 260 2386 α’.
293 2305 461 2413 Reflexa
492 2313 648 2395 uotiua,
687 2336 782 2408 quae
815 2318 1000 2385 actionem
1032 2314 1078 2384 ad
1110 2337 1189 2409 rern

116 2439 300 2531 eandem,
333 2456 510 2536 tanquam
536 2444 583 2514 ad
612 2441 837 2531 subiectum,
873 2445 1056 2537 simulque
1086 2444 1191 2516 obie·
1231 2482 1236 2487 ·

115 2584 218 2642 ctum
246 2592 375 2669 suurn,
408 2566 590 2644 referunt:
622 2595 682 2648 ex·
713 2591 766 2664 gr.
801 2547 1001 2642 emellredik
1033 2567 1068 2640 α’
1093 2582 1191 2665 gdz,

115 2723 237 2796 vapor
258 2723 297 2770 se
329 2670 367 2770 se
393 2690 539 2787 eleuat3
564 2700 814 2796 fdnyeshcc'ii
837 2695 872 2769 α’
893 2701 1023 2795 tsr'llag
1034 2750 1049 2787 ,
1084 2699 1192 2774 stella

116 2851 157 2903 se
177 2851 216 2901 se
242 2827 478 2927 splendidam
499 2826 664 2905 exhibet.

130 3016 133 3023 .
219 2961 257 3036 b.
293 2952 460 3048 Reflexa
485 2960 665 3052 passius,
697 2980 791 3054 qnae
822 2972 953 3030 notant
975 2960 1189 3052 passionem

22 3126 25 3131 ·
64 3116 73 3161 >
114 3084 267 3161 subiecti
290 3070 356 3182 per
376 3100 415 3158 se
436 3088 558 3184 ipsum
577 3100 743 3179 respectu
764 3084 812 3155 ad
829 3108 892 3160 se:
916 3109 974 3156 ex.
992 3110 1044 3181 gr.
1057 3089 1190 3159 emera.

18 3180 36 3273 ·⁸
115 3217 204 3299 dia,
231 3186 374 3286 leuatur
396 3215 477 3310 ipse
500 3235 566 3311 per
591 3235 651 3292 ae3
664 3209 843 3308 fojtddilr
855 3263 869 3299 ‚
893 3208 1088 3281 suffocatur
1109 3215 1190 3308 ipse

111 3366 183 3440 per
202 3367 252 3416 se.
472 3343 484 3359 “’
860 3442 867 3450 .
961 3325 962 3328 Ἴ

196 3480 253 3546 ὀ.
277 3462 442 3557 Reflexa
459 3479 616 3560 neutra,
649 3487 744 3561 quae
772 3479 981 3536 monstrant
1005 3465 1190 3543 actionem

73 3654 79 3692 r
115 3597 292 3686 subiecti,
319 3604 356 3670 in
378 3615 474 3672 statu
497 3599 601 3695 quasi
631 3576 748 3691 puwl
777 3594 871 3668 intra
896 3604 936 3666 se'
954 3599 1007 3663 sui
1032 3589 1190 3674 intuitu;

115 3756 175 3802 err.
197 3729 548 3828 grrgondolkodr'k,
572 3729 710 3824 cogitat
726 3729 819 3799 intra
831 3749 892 3814 se,
915 3714 1014 3821 apud
1036 3747 1095 3811 se,
1113 3743 1190 3791 me·

116 3860 262 3933 ditatur.
507 3906 510 3911 ,
903 3900 907 3907 -

197 4005 230 4068 3.
430 3966 578 4045 trauan
605 3981 869 4046 ancranocn.

218 4094 348 4169 Verba
384 4084 577 4184 reciproca
602 4119 646 4166 ca
672 4110 754 4165 sunt
781 4094 952 4189 proprie,
981 4112 1074 4186 quae
1104 4084 1188 4157 sub·
1230 4112 1234 4119 ·

117 4229 200 4300 iecti
224 4228 409 4297 actionem
433 4245 515 4294 cum
540 4220 616 4295 alio
644 4240 809 4295 mutuam
839 4223 1022 4295 indicant:
1046 4241 1105 4295 ex.
1130 4239 1186 4315 gr.
