2700 4830
195 380 224 458 ς.
242 370 298 440 rv.
315 360 359 441 n
373 370 484 471 nou.
506 372 599 444 utu.
619 368 934 441 renuuntur.
954 370 1042 444 srrc.
1093 374 1156 457 ⁶97

85 549 185 620 ieeto
208 547 260 619 ilii
282 544 408 617 auxilii
430 551 542 619 instar
563 546 678 618 verbo
696 547 821 635 finito,
832 547 929 642 fagr
950 551 1066 641 capit,
1082 568 1149 635 pro

88 677 247 771 occipit,
267 698 334 770 per
352 699 526 773 personas
546 674 683 747 inflexo
694 722 707 755 ,
720 674 840 746 forma
853 690 1031 769 vtraque‚
1055 675 1156 743 iude·
1236 740 1239 747 .

76 810 285 895 terminato
307 809 446 901 prima,
471 822 508 877 et
537 806 800 877 determinata:
829 802 887 880 e'x.
909 830 963 902 gr.
989 806 1161 895 tabor-ni

10 918 12 927 ¹
79 936 190 1035 sog,
206 937 470 1033 dieser-ntfog
480 961 498 1027 ,⁰
508 937 826 1032 tabor-nifogja,
838 934 1156 1031 ditsdrrrifogja.

189 1108 256 1173 sed
272 1123 390 1173 monet
406 1106 662 1194 Pereleknyius
681 1108 778 1175 huius
797 1131 890 1175 vtum
914 1131 984 1175 non
1006 1126 1080 1171 esse
1098 1108 1159 1170 ob·

89 1225 206 1292 nium,
231 1206 359 1296 idest,
380 1217 604 1302 frequentem.
635 1218 754 1284 Placet
774 1241 896 1305 nempe
918 1221 1022 1308 vulgo
1042 1232 1158 1283 uottro

90 1345 250 1411 praesens
275 1345 336 1406 pro
359 1324 492 1401 futuro,
514 1340 633 1406 estque
653 1330 689 1391 id
709 1331 744 1392 in
768 1333 862 1393 omni
886 1348 1045 1393 sermone
1062 1328 1161 1390 fami-

91 1428 325 1519 liarissimum.
358 1431 523 1496 Auxiliati
549 1452 627 1495 rsus
650 1437 801 1498 crebrior
822 1440 1036 1527 peregrinum
1057 1435 1163 1518 quid,
1213 1466 1216 1473 ·

17 1592 21 1597 .
43 1572 49 1581 ·
95 1530 337 1606 Germanicum
359 1552 470 1619 certe,
494 1537 546 1643 v¹el
567 1538 737 1602 Slauicum
756 1542 860 1623 sapit.

191 1649 352 1712 Futurum
373 1647 594 1726 auxiliatum,
624 1667 702 1711 mea
723 1650 860 1730 quidem
883 1653 1075 1728 sententia,
1106 1671 1165 1714 na·

97 1771 171 1823 tum
194 1769 248 1821 est
272 1757 465 1820 imitatione
489 1758 641 1843 gentium
665 1757 934 1838 Europacarum.
966 1764 1168 1824 Accommo·

94 1866 144 1944 tia
167 1863 328 1926 nimirum
349 1856 601 1947 significatione
621 1881 684 1944 pro
707 1848 836 1924 aur'rilio
859 1874 1006 1924 sumtum
1026 1877 1077 1923 est
1098 1862 1168 1940 pri·
1241 1936 1245 1947 Ι

99 1944 215 2050 mum,
234 1968 272 2034 it
287 1970 380 2048 dixi,
392 1969 610 2052 verbumfog
622 2015 633 2047 ,
645 1971 759 2053 capit,
781 1971 874 2053 quod
890 1982 925 2033 et
942 1987 1030 2033 nunc
1051 1969 1169 2056 vigera

103 2081 226 2144 deinde
243 2092 278 2142 et
296 2078 439 2142 alterum
459 2077 599 2141 verbum
621 2081 723 2157 kezd,
741 2080 882 2161 incipit,
904 2080 962 2142 sed
982 2077 1084 2140 hodie
1103 2079 1172 2140 hzc

101 2210 165 2254 vsu
184 2191 296 2251 minus
318 2199 448 2252 notum.
470 2186 593 2250 Verum
617 2201 649 2249 et
661 2189 756 2270 sog,
775 2199 809 2250 et
829 2191 932 2263 lrezd,
954 2207 1031 2250 cum
1055 2183 1170 2249 infini-
1243 2166 1253 2189 ⁸

70 2278 182 2362 ‘'tiuis
203 2298 385 2361 coniuncta
397 2341 409 2374 ,
433 2306 467 2357 et
495 2313 594 2377 taepe
620 2296 746 2359 inflexa
766 2315 827 2377 per
848 2309 1005 2378 tempora
1025 2294 1110 2370 alia,
1132 2296 1169 2358 iu

103 2418 396 2471 sermonemortro
413 2423 548 2469 sensum
567 2384 720 2481 faciunt,
743 2425 811 2467 non
831 2402 956 2483 futuri,
980 2404 1042 2468 sed
1066 2405 1170 2489 signi.

10 2564 14 2573 ·
104 2515 277 2582 ficationis
306 2517 490 2597 propriae,
521 2522 569 2578 vti
603 2511 698 2578 finita
726 2533 942 2598 quaecunque
966 2516 1068 2578 verba
1092 2515 1165 2579 aiir
1264 2494 1268 2509 ξ
1305 2596 1312 2605 .

106 2646 183 2692 cum
202 2623 378 2688 infinitiuis
398 2616 600 2687 constructa.

204 2738 384 2820 Lappones
407 2750 542 2822 quoque
566 2720 746 2799 Succorum
769 2737 1014 2800 consuetudine
1033 2756 1172 2819 compo·

68 2890 72 2897 ·
110 2859 249 2912 suerunt
273 2844 444 2922 futurum,
468 2844 570 2925 idque
597 2865 638 2905 ex
667 2847 770 2909 verbo
797 2843 893 2910 finito
920 2851 1092 2930 colgcam,
1115 2846 1175 2909 de-

108 2961 197 3037 beo,
221 2968 356 3040 oportet
373 2974 451 3033 ime,
473 2969 508 3017 et
526 2973 567 3016 cx
586 2950 777 3018 irrfinitiuo:
802 2974 853 3017 ex.
867 2975 919 3040 gr.
934 2958 1082 3036 calgcom
1095 2962 1174 3036 jao.

30 3150 54 3165 ‚,
110 3070 240 3146 crient,
263 3073 394 3150 colgcac
412 3065 586 3149 juackiedt
597 3110 609 3141 ,
631 3066 727 3144 ociga
744 3065 945 3144 jouckr'edt:
968 3063 1098 3143 debe0‚
1122 3061 1177 3127 vel
1247 3058 1249 3067 x

39 3164 42 3169 ’
112 3180 250 3255 oportet
271 3191 326 3232 me
346 3170 506 3246 credere;
528 3170 648 3245 debes,
669 3165 720 3230 vel
743 3176 877 3248 oportet
889 3178 922 3227 te
940 3167 1096 3256 credere;
1119 3170 1175 3232 de.

103 3283 191 3354 'bet‚
206 3280 264 3365 vel¹
280 3291 417 3362 oportet
432 3300 508 3343 eum
528 3280 690 3354 credere3
712 3296 774 3359 pro
792 3274 907 3340 futuro
924 3278 1090 3361 simplici,
1104 3302 1177 3344 cre.
1232 3299 1235 3304 ·
1275 3316 1279 3323 ι

83 3451 90 3461 ,
114 3392 215 3467 dam,
237 3392 378 3470 credes,
405 3390 537 3453 credet.
568 3389 720 3463 Obseruo
741 3385 805 3450 hoc
827 3384 1014 3463 auxilium,
1037 3392 1181 3460 retectis

112 3519 337 3584 personarum
359 3476 579 3576 'formatiuis,
611 3497 700 3560 nuda
721 3494 832 3604 forma
860 3500 937 3580 culg
949 3545 961 3576 ,
988 3517 1178 3587 congruere

40 3644 48 3693 ¹.
114 3629 192 3672 cum
216 3623 336 3672 nostru
363 3614 448 3687 kall,
471 3608 618 3671 eiusdem
646 3603 905 3690 significationis
928 3608 1046 3670 verbo.
1079 3610 1180 3690 Apud

116 3722 318 3804 Lappones,
349 3731 393 3783 vt.
412 3720 447 3791 in
472 3718 586 3781 multis
612 3715 712 3792 aliis,
734 3718 924 3781 intensione
945 3719 1049 3780 nimia
1070 3719 1181 3803 gemi-

115 3848 197 3893 num
217 3830 245 3888 ll
264 3827 439 3889 sonantius
458 3822 691 3908 exprimendi,
723 3841 787 3904 pro
804 3820 920 3899 'altero
949 3827 963 3883 l
980 3822 1118 3903 irrepsit
1133 3843 1181 3903 g,

22 4006 26 4017 ,
115 3918 310 4021 factumque
327 3951 377 3998 est
396 3938 522 3999 extol!
537 3953 625 4018 puro
639 3936 719 4015 lralg
731 3936 913 4017 impurum.
934 3930 1068 3994 Vocalis
1087 3949 1182 3993 cras-

116 4067 155 4114 sa
174 4068 236 4130 pro
261 4048 355 4130 tenui
376 4045 460 4109 nihil
482 4066 543 4109 nos
563 4030 721 4130 impedit.

214 4159 384 4220 Memorat
405 4155 567 4239 Hupelius
587 4171 623 4217 et
642 4153 829 4243 Esthonum
852 4149 977 4216 auxilia
997 4149 1089 4212 varia
1108 4145 1193 4212 infi:

115 4268 236 4335 nitiuis
267 4269 410 4349 addita,
442 4269 486 4335 ad
511 4244 666 4355 futurum
690 4263 937 4358 significatione
960 4259 1184 4365 accomm‘tda

925 4403 1008 4515 Yr
