2700 4830
222 318 306 403 1⁰5⁶
368 301 603 381 vtrtmclAE
623 312 684 378 DE
704 310 795 376 SEC.
819 309 950 377 VERE.
971 303 1152 380 FORMAa

222 480 436 567 vilissimis,
459 483 490 551 ai
511 477 923 583 contraconscieutiam
944 476 1113 583 recedam
1127 474 1179 549 ab
1200 480 1310 573 agni·

222 632 262 687 ta
282 614 460 698 veritate,
495 607 644 680 laudem
665 630 792 715 eorum
817 610 935 693 vitia,
969 605 1121 701 probem
1148 607 1308 679 confusa

223 743 391 823 somnia:
414 733 630 826 infremuit,
652 738 683 806 si
707 731 800 807 hacc
819 758 1010 828 recusem,
1036 739 1182 808 iactatis
1196 741 1308 811 minis

226 867 306 947 odii
333 838 529 964 perpetui,
561 866 804 961 grauiumque
827 867 1134 947 insectationum,
1168 885 1206 937 et
1232 869 1308 940 bel·

225 1002 365 1085 lorum,
388 1000 482 1090 quae
502 997 573 1065 iam
597 997 768 1090 incoepta
783 1010 888 1080 sunt,
910 991 1154 1081 horridorum,
1187 996 1307 1067 Caus·

226 1148 289 1198 sae
313 1100 485 1222 optimae·
506 1122 664 1208 fiducia,
701 1135 739 1193 et
771 1125 912 1223 virtutis
938 1107 1181 1211 'constantim
1213 1128 1305 1199 satis

116 1242 124 1247 ’
228 1277 289 1331 me
319 1254 445 1348 erigit,
477 1264 516 1321 et
537 1249 756 1340 confirmat3
788 1264 830 1321 vt
859 1265 984 1323 contra
1006 1252 1204 1323 audentior
1229 1257 1305 1343 ire,

194 1417 196 1424 ·
227 1382 369 1477 hosque
388 1381 547 1473 impetus
571 1382 768 1455 retundere
791 1384 946 1480 possim.
976 1378 1205 1482 Versegius,
1237 1383 1305 1459 ho-¹

207 1510 308 1583 'rum
332 1506 446 1599 Dux,
471 1523 510 1581 et
525 1506 624 1581 facto
647 1513 685 1581 in
707 1511 971 1609 corrumpenda
989 1507 1113 1609 lingua
1127 1529 1237 1586 motu
1250 1517 1302 1585 in·

229 1636 323 1731 signi
349 1630 542 1734 Princeps,
571 1649 714 1709 tueatur
734 1636 859 1734 ipsos3
890 1661 933 1709 ae
957 1635 1035 1709 fato
1063 1661 1132 1708 suo
1166 1639 1303 1723 infelici

230 1768 344 1837 etiam
367 1767 404 1836 iu
427 1769 677 1864 grammaticis
703 1765 871 1842 abutatur
900 1782 940 1839 et
959 1770 1110 1855 meirte,¹
1138 1783 1178 1838 et
1210 1770 1300 1840 cala·

190 1910 194 1925 ·
227 1914 318 1972 mo:
336 1893 530 1971 hominem
550 1921 688 1970 vanum
705 1896 812 1971 celeri
835 1895 931 1992 pede
952 1888 1084 1968 urerita
1098 1864 1301 1992 conseque*

228 2037 286 2096 tur
307 2024 524 2120 ignominia.
551 2022 634 2123 Ego
655 2048 765 2114 vero,
786 2027 822 2095 in
844 2022 913 2097 hac
935 2038 1150 2121 temporum
1172 2027 1301 2122 iniqui·

227 2169 333 2235 tate,
354 2151 500 2223 abunde
519 2175 580 2223 me
600 2151 701 2253 solor
722 2156 811 2227 recti
833 2153 944 2225 studii
967 2156 1214 2229 conscientia:
1238 2131 1320 2245 ets

227 2284 257 2350 si
278 2278 371 2353 mihi
391 2300 564 2387 praesens
583 2300 688 2356 aetas
713 2306 787 2356 non
812 2306 1076 2380 usquequaque
1098 2283 1228 2372 fauet,
1254 2287 1301 2358 ci·

194 2408 198 2429 '
227 2430 333 2481 neres
354 2411 485 2483 saltem
505 2434 610 2484 meos
630 2411 863 2486 venerabitur
878 2430 982 2511 grata
993 2417 1205 2508 posteritas.
1235 2413 1300 2484 Se·

227 2558 309 2606 rum
334 2555 388 2611 est
411 2537 484 2612 hoe
502 2546 734 2639 proemium,
767 2542 832 2617 sed
860 2545 1122 2631 certissimum,
1157 2557 1195 2617 et
1221 2562 1300 2617 nun

228 2662 432 2740 obnoxium
454 2669 628 2745 inuidiae.
