2700 4830
144 372 224 436 tuae
287 351 523 419 VINDICIAE
547 350 609 414 DE
633 349 726 424 SEU,
746 348 878 412 VERE.
900 350 1078 413 FORMA.

142 526 189 595 tir
211 519 355 618 legibue
371 515 564 591 definitum
590 515 699 617 (pag.
718 514 827 615 764,
850 531 890 585 et
915 486 1069 616 seqq).⁸
1093 508 1235 585 Orien«

143 653 227 725 talia
246 624 303 723 eat
327 649 453 745 lingua
480 644 513 717 H
521 651 691 743 ungarica
704 656 728 728 ‚‘
740 642 842 717 idern
863 662 900 715 et
918 647 1237 743 Versegiueiatz.-

144 794 216 853 tat:
244 780 429 849 ettamen
455 801 530 873 quo
553 776 758 872 prolabitur
779 771 945 873 Magnus
966 780 1034 846 iste
1060 775 1237 849 Piriloiu-

144 932 211 1006 gut
239 908 301 977 vel
334 907 440 976 huius
456 944 459 951 ·
478 905 642 977 voculae
668 908 811 1003 origine
835 904 1024 985 indicata!
1060 904 1161 976 Eam
1193 930 1236 978 err

98 1058 102 1067 ’
146 1041 299 1133 antiqua
327 1040 452 1133 lingua
493 1038 712 1108 occidentali
748 1020 954 1131 protrahit:
980 1038 1037 1127 'de
1063 1061 1139 1132 qua
1167 1040 1235 1108 etei

9 1234 14 1247 ,
45 1260 53 1273 ¹
146 1158 380 1239 construendi
402 1168 564 1238 rationes
585 1162 731 1262 aliquae
752 1168 788 1237 in
808 1180 971 1241 noctram
993 1168 1233 1261 irrepserint3

146 1314 186 1368 at
217 1319 353 1367 vocum
391 1310 488 1366 certe
521 1294 822 1380 formatio‚'vei
857 1291 1039 1383 inflexio,
1081 1318 1231 1389 prorant

146 1406 250 1497 nulia
271 1440 330 1496 eat
351 1438 517 1520 accepta.
544 1423 664 1494 Torua
690 1420 974 1519 hicapparatuc
1004 1424 1234 1498 domesticus

119 1542 122 1547 ¹
149 1572 229 1644 eet,
264 1571 303 1628 ct
330 1557 512 1650 proprius.
551 1528 819 1625 Formatiuum'
841 1555 938 1641 ond,
961 1556 1050 1640 end,
1067 1570 1070 1575 '
1085 1554 1137 1625 de
1159 1580 1231 1650 quo

149 1684 354 1780 Veraegiur
384 1683 485 1795 vulgi
517 1705 621 1754 more
651 1685 837 1797 somniat,
870 1696 926 1752 eat
960 1684 1093 1778 vtique
1122 1687 1233 1776 paulo
1266 1724 1271 1735 =

149 1811 365 1899 obscurius,
385 1811 525 1885 altiorir
547 1827 680 1907 vtpote
701 1812 901 1905 indaginis,
922 1812 1143 1883 reductione
1156 1836 1233 1885 ma·

149 1942 228 2014 iore
253 1942 526 2016 euoluendum:
551 1939 617 2012 red
642 1936 702 2011 ille
729 1940 884 2012 clariora
906 1942 1018 2011 'etiam
1042 1958 1159 2038 negat
1180 1944 1233 2013 in·

149 2069 324 2141 nolenter.
353 2068 439 2141 Non
461 2071 622 2141 videtin
645 2054 792 2157 uerbis,
818 2069 920 2164 quod
941 2059 1154 2162 caepe'iam
1176 2070 1231 2140 di·

60 2188 63 2193 ’
150 2222 219 2291 co,
252 2203 472 2296 pronomina
501 2170 584 2299 lege
616 2202 785 2272 orientali
810 2196 992 2297 personas,
1007 2196 1232 2305 formantia:

148 2325 245 2398 ridet
277 2350 361 2414 me,
394 2343 431 2397 et
458 2306 725 2418 calumniatur,
763 2332 863 2425 quod
898 2327 944 2402 ad
980 2332 1046 2401 ista
1073 2329 1160 2401 face
1187 2354 1241 2419 err¹

80 2470 85 2499 ¹
150 2452 294 2527 oriente
311 2434 463 2551 aceensa
488 2458 726 2554 popularibus
753 2463 846 2531 meis
873 2459 1118 2555 praeluceam.
1152 2456 1229 2529 Ve-

148 2608 229 2657 rum
252 2602 290 2658 et
309 2611 449 2681 poenas
473 2585 538 2659 dat
563 2591 711 2658 meritas
733 2590 870 2659 nimiae
892 2568 1114 2683 pertinaciae
1139 2613 1229 2661 auae
1268 2648 1275 2675 ¹.

82 2716 101 2757 '¹
148 2714 282 2785 rubore
304 2714 499 2810 frequenti.
528 2712 625 2787 Nam
647 2732 844 2813 propterea
868 2739 942 2788 non
961 2736 1083 2811 potest
1106 2715 1229 2812 perui·

150 2844 237 2914 dere
266 2858 388 2914 rectae
418 2842 564 2916 formae
596 2848 718 2914 auitae
747 2850 1013 2922 sinceritatem:
1052 2834 1090 2917 et
1124 2870 1227 2916 enor-

149 2980 202 3047 mi
230 2975 445 3046 confusione
470 2945 700 3072 primaeuam
725 2975 872 3078 linguae
898 2986 1097 3074 puritatem
1117 2977 1228 3049 foede

150 3108 392 3177 contaminat.

233 3257 273 3320 B.
407 3256 678 3320 RESPONSVM
709 3259 967 3326 SECVNDVM.
1050 3314 1051 3318 ,

218 3362 220 3367 ⁴
255 3368 341 3441 Non
364 3371 470 3440 datur
495 3374 530 3440 in
549 3372 681 3468 linguis
702 3370 904 3468 Europaeis
932 3373 1087 3446 verbum
1119 3381 1234 3469 depo-

148 3523 249 3572 nens.
280 3502 318 3591 in
344 3496 400 3569 his
431 3524 520 3573 vero
543 3525 611 3600 nec
632 3504 822 3597 pasriuum
849 3505 956 3575 datur
979 3506 1162 3599 verbum,
1189 3526 1228 3581 vt

148 3630 186 3701 in
208 3648 359 3711 nostra,
382 3647 419 3702 et
440 3628 632 3701 in'Latina
662 3633 787 3719 datur,
822 3657 869 3703 eo
884 3612 1028 3704 'scilieet
1052 3661 1230 3731 compen·

148 3757 231 3830 dio:
256 3777 297 3831 vt
314 3758 519 3851 ¹verborum
541 3755 759 3855 significatio
782 3769 950 3855 paesiua,
974 3769 1009 3834 iu
1031 3791 1147 3838 vnam
1166 3792 1230 3838 vo·

149 3904 230 3952 cem
256 3862 475 3964 cona'tricta.
496 3888 660 3974 praecise
683 3878 931 3978 exprimatur:
962 3914 1021 3958 ex.
1046 3915 1102 3997 gr.
1131 3890 1230 3962 Lati·

147 4032 196 4080 ne
219 4036 350 4096 amor,
383 3997 591 4101 aestimor,
623 4022 825 4112 Hungarice
849 4020 1140 4108 frenet-retem,
1168 4000 1229 4094 bc·

124 4136 386 4217 'trunto-em.
415 4138 568 4214 Pasriua
592 4142 682 4217 haec
700 4149 917 4239 significatio
946 4152 979 4218 in
1003 4149 1073 4219 iilis
1096 4152 1229 4253 linguit
1273 4166 1277 4170 ’

149 4263 293 4342 effertur
319 4294 400 4365 cunt
422 4274 780 4374 circumscriptione,
809 4276 947 4363 voculis
964 4276 1159 4393 pluribus:
1186 4291 1229 4375 iri)

1119 4429 1230 4495 tuetur
