2700 4830
65 390 69 405 .
225 328 290 438 ,92
375 340 610 456 turtureus
632 298 695 411 un
717 335 806 418 sno,
825 336 955 409 unns.
977 312 1153 439 tonnus.

225 520 283 589 nis
318 530 417 588 cuno
435 516 517 611 ipso
555 515 691 609 pariter
723 479 856 599 rudes,
889 533 933 582 ac
964 511 1092 596 coeci,
1129 498 1303 607 imperite

112 630 114 637 ⁵
225 660 404 742 spargunt
434 644 480 715 de
510 637 671 715 Funebri
703 640 776 713 hoc
810 638 1016 733 Sermone,
1050 639 1203 739 linguae
1228 665 1299 712 mo·

182 824 184 829 -
221 790 323 846 strae
356 771 530 845 thesauro
561 769 856 868 pretiosissimo,
894 786 985 842 non
982 771 1120 843 solum
1153 786 1301 865 propter

224 905 510 1015 antiquitatem,
546 925 659 997 quam
684 908 784 997 p7rae
818 920 859 971 se
890 897 963 972 fert
993 903 1301 980 remotissimam,

77 1062 80 1069 ·
112 1044 115 1049 “
224 1056 356 1107 verum
375 1035 456 1128 ipsa
479 1035 591 1104 etiam
615 1022 795 1126 loquendi
812 1030 953 1103 ratione
968 1043 1157 1124 spectata,
1176 1029 1346 1127 genui·-

115 1156 143 1263 Ἰ
223 1188 273 1238 na
287 1214 301 1251 ,
332 1178 370 1235 et
393 1163 602 1258 simplicem
628 1164 776 1258 linguae
798 1158 971 1233 indolem
994 1164 1226 1258 primaeuam
1251 1160 1302 1230 vl·

74 1292 111 1357 s'
223 1309 283 1366 tro
324 1293 541 1388 pandente.¹
561 1291 636 1361 Alii
671 1308 792 1379 certe,
826 1286 910 1359 Viri
940 1284 1111 1373 Eruditi,
1146 1293 1299 1381 meliore

223 1423 475 1519 perspicacia,
509 1443 662 1514 quorum
692 1418 828 1492 iudicio
858 1418 1075 1506 confirmor,
1107 1435 1146 1490 et
1168 1417 1298 1491 merito

149 1602 152 1609 ,
221 1552 392 1650 glorior,
415 1538 534 1624 rarum
549 1548 622 1623 hoc
645 1566 927 1624 monumentum
942 1552 1074 1622 intima
1097 1553 1298 1625 conuictio·
1332 1622 1335 1629 ,

222 1705 271 1755 ne
290 1680 442 1754 habent
468 1706 536 1779 pro
559 1675 748 1781 genuino,
776 1701 871 1751 vere
886 1680 1112 1776 Hungarico.
1198 1698 1201 1703 ·

327 1811 506 1885 Rationes
541 1810 712 1908 quidem,
747 1833 835 1907 quas
869 1834 936 1907 pro
968 1833 1014 1881 eo
1048 1807 1216 1899 adduxi,
1248 1813 1299 1883 ita

217 1961 307 2017 sunt
336 1920 489 2030 firmae,
519 1958 561 2013 vt
584 1965 735 2014 omnem
759 1941 891 2013 tollant
920 1936 1204 2011 dubitationem.
1233 1932 1346 2013 E'st

221 2073 263 2146 id
296 2069 410 2144 Libro
440 2071 594 2175 Missali‘
613 2070 903 2144 Membrana'ceo
934 2067 1218 2172 diligentissime
1249 2075 1302 2143 in·
1337 2107 1346 2145 ι

222 2188 426 2300 scriptum',
448 2208 488 2280 in
509 2190 803 2297 fideliumlv'sum
822 2201 1033 2297 publicum,
1053 2224 1180 2273 eorum
1201 2217 1298 2274 certe

203 2330 385 2406 'dialecto
408 2335 618 2423 communi,
650 2357 746 2405 anno
776 2351 894 2423 1210,
925 2355 972 2403 ea
996 2349 1136 2428 nempe
1155 2348 1299 2410 aetate:

98 2480 103 2489 “
222 2489 298 2560 qua
322 2460 440 2563 viguit
464 2462 525 2536 lex
551 2467 721 2544 recenter
744 2466 845 2551 lata,
878 2477 921 2535 vt
950 2462 1043 2539 nihil
1075 2466 1113 2533 in
1143 2464 1299 2537 ecclesia

57 2572 61 2579 ¹
221 2595 395 2693 legatur,
426 2598 496 2667 nisi
525 2596 625 2692 quod
659 2594 907 2668 collaudatum
935 2594 1045 2666 fuerit
1076 2597 1113 2666 in
1140 2596 1298 2699 synodo.

35 2798 38 2805 ,
62 2796 66 2803 ,
95 2732 104 2785 ἰ
142 2710 146 2717 ’
221 2725 300 2818 Qui
326 2728 511 2798 exactiora
531 2727 663 2798 volunt
687 2725 733 2797 de
755 2725 828 2800 hoc
846 2711 1082 2826 argumento,
1103 2739 1300 2807 etsermo·

222 2879 271 2926 ne
298 2855 448 2963 quidem
471 2858 591 2952 patrio
623 2854 799 2928 adducta:
833 2852 988 2929 videant
1009 2834 1200 2956 Insignem
1226 2859 1300 2928 Au·

110 2988 118 3025 ²
183 2966 185 2971 ¹
220 2985 386 3058 ditorem
419 3009 572 3070 meum,
608 2985 829 3062 Ladislaum
863 2964 1070 3070 Hilarium,
1102 2987 1189 3057 loeo
1226 2989 1295 3059 iam

59 3136 62 3145 ·
114 3142 117 3147 ·
223 3140 336 3214 supra
358 3093 492 3198 citato,
512 3116 594 3214 Ego
618 3114 657 3187 in
682 3116 970 3191 Commentario.
990 3102 1076 3189 meo
1102 3116 1298 3191 Gramma·

223 3245 320 3330 tico,
343 3232 417 3337 quo
430 3241 798 3319 hocmonumentum
820 3241 1186 3340 prolixius.illustraui
1202 3297 1216 3330 ,
1232 3244 1296 3312 lin·

219 3395 320 3469 ¹guae
342 3389 581 3445 nostraesese
601 3374 824 3446 ellor'mantis
838 3375 939 3471 leges
952 3375 1133 3461 sinceras,
1159 3374 1295 3466 exipso

221 3503 304 3576 cius
319 3504 399 3574 sinu
408 3521 542 3602 sponte
553 3528 618 3577 sua
630 3503 852 3601 profluentes
863 3507 1013 3601 ,teipsa
1025 3506 1195 3600 proprias
1205 3556 1216 3590 ‚
1228 3523 1297 3580 non

224 3635 388 3731 spurias,
400 3657 473 3705 non
489 3633 627 3708 effictas
639 3690 652 3730 ,
666 3658 740 3707 non
750 3613 978 3731 peregrinas,
995 3658 1139 3733 summa
1149 3631 1224 3707 nde
1236 3687 1246 3718 ,
1258 3652 1298 3703 as

223 3761 431 3861 religione,
462 3780 628 3836 accurate
663 3764 806 3848 e'uolui3
838 3764 943 3838 factis
977 3762 1298 3838 obseruationibus
1335 3740 1339 3751 ⁸

225 3891 406 3987 diuturnis
432 3895 469 3964 in
491 3895 638 3994 linguae
660 3921 728 3967 vsu
752 3898 873 3969 etiam·
890 3898 1116 4003 posteriore,
1140 3909 1178 3967 et
1199 3891 1299 3966 adhi-

120 4105 123 4127 Ι
224 4020 305 4095 luta
317 4020 597 4097 obseruatorum
612 4026 887 4104 combinatione
901 4040 1093 4124 perpetua
1115 4021 1300 4121 Loquitur

224 4138 296 4246 pro
313 4173 374 4223 me
386 4149 490 4226 huius
501 4154 632 4231 studii
622 4179 703 4252 ipsa
717 4159 941 4230 conscientia
954 4179 1050 4246 mea,
1064 4170 1103 4228 et
1115 4159 1300 4288 omnium,

195 4283 293 4375 qui
315 4298 413 4357 recte
432 4276 581 4389 vident,
607 4294 837 4363 consentiens
857 4292 1123 4364 testimonium

1154 4406 1301 4487 Pudeat
