2700 4830
149 240 167 372 ζ
214 297 290 408 ,σῳ
313 288 659 367 armorumue
680 294 766 364 nr.
788 293 906 363 sacr.
917 292 979 363 111.
993 295 1086 363 car.
1097 292 1162 373 m.
1253 320 1259 333 =
1330 306 1333 315 ·

215 471 300 543 l'ecti
324 446 509 545 vitiantes
540 475 675 572 pariter
700 468 875 542 confusae
905 483 1006 541 sunt:
1034 483 1150 564 vtque
1170 468 1290 553 aliae,
1326 474 1328 479 ’

214 606 268 679 ita
290 605 501 700 cumprimis
526 618 562 676 et
582 600 652 675 hae
673 602 816 674 formae
838 599 1036 697 verborum
1050 599 1123 671 'vsu
1146 603 1292 697 promi·

218 755 305 804 scuo
328 730 572 812 inualuerunt.
611 730 799 829 Principio
828 729 977 826 quidem
1005 745 1146 802 retenta
1172 745 1231 802 est
1252 733 1289 804 in

180 842 183 847 ¹
215 832 427 932 lrisaeeadem
449 862 680 934 construendi
702 862 794 933 ratio
818 860 1045 936 communis:
1072 876 1203 955 postea
1224 842 1290 932 ve·
1335 900 1338 907 .

216 1014 281 1081 ro,
312 994 448 1067 cultura
472 995 607 1064 sensim
627 991 842 1077 accedente,
867 991 992 1075 maior,
1007 964 1186 1078 attentio,
1211 1006 1289 1063 tam

217 1120 323 1194 claris
346 1145 469 1194 earum
490 1118 759 1192 discriminibus
780 1115 959 1207 excitata,
983 1117 1107 1217 legem
1135 1124 1288 1216 posuit3

185 1309 195 1329 .
219 1273 355 1347 easque
372 1273 440 1322 vsu
459 1251 533 1323 iam
560 1264 682 1339 certo,
707 1253 768 1345 qui
788 1250 892 1348 viget
910 1246 1118 1346 hodieque,
1144 1273 1289 1327 accura·
1309 1223 1331 1261 ⁸

217 1397 255 1454 te
281 1380 460 1452 distinxit.
489 1376 550 1450 Sic
568 1351 805 1449 stabilita'est
830 1376 970 1476 duplex
990 1375 1110 1450 forma
1132 1377 1291 1467 indeter-

217 1508 380 1597 minata,
417 1507 533 1580 altera
555 1507 695 1595 nudae,
731 1508 844 1582 altera
871 1524 995 1580 auctae
1022 1508 1178 1598 radicis,
1208 1532 1292 1581 ver.-

211 1636 350 1709 'borum
369 1660 502 1736 genera
523 1638 648 1709 omnia
663 1661 729 1708 suo
750 1616 891 1709 ambitu
911 1632 1186 1734 complectens}
1205 1654 1289 1713 con·

212 1768 345 1836 stituta
366 1778 560 1861 praeterea
580 1752 701 1837 forma
725 1763 970 1836 determinata
991 1761 1189 1836 verborum
1214 1778 1293 1836 tan·
1319 1778 1322 1782 ’

221 1909 300 1967 tum
322 1888 523 1975 actiuorum
551 1890 598 1963 de
625 1892 745 1964 forma
765 1910 944 1988 utraque,
971 1894 1114 1989 quoties
1137 1917 1182 1966 ea
1209 1918 1292 1967 cum

223 2025 427 2129 accusatiuo
449 2035 739 2093 construerentur
757 2019 1025 2117 demonstrato,
1041 2044 1044 2051 ’
1093 2093 1096 2097 .

262 2159 272 2167 ⁴
319 2149 464 2227 Placere
493 2150 604 2226 debet
637 2150 743 2223 nobis
774 2155 844 2224 ista
876 2153 1058 2226 maiorum
1086 2167 1294 2229 nostrorum

222 2284 379 2383 prouida
397 2284 596 2359 tenacitas:
626 2254 726 2380 quod
748 2283 895 2380 linguae
914 2297 1063 2355 nostrae
1087 2305 1166 2374 sese
1190 2268 1313 2353 ellor-¹

222 2415 360 2490 mantis
383 2436 616 2509 progressum
638 2415 800 2502 varium,
822 2414 907 2486 inde
927 2413 1005 2483 fere
1024 2409 1071 2484 ab
1094 2411 1294 2482 incunabu-

223 2539 271 2618 lis
303 2544 524 2639 repctitum,
549 2545 735 2639 possimus
765 2546 801 2614 in
832 2544 921 2637 ipsis
951 2543 1062 2612 etiam
1095 2539 1295 2640 verborum

113 2730 115 2735 ,
224 2671 486 2745 inflexionibus
511 2696 592 2754 eum
618 2670 812 2766 voluptate
836 2669 976 2742 videre.
1023 2669 1180 2743 Diuersa
1209 2662 1301 2741 licet'

223 2806 473 2900 pronomina,
497 2819 560 2875 aut
589 2805 618 2874 si
647 2804 778 2876 cadem
801 2804 939 2884 etiam,
965 2827 1058 2876 sono
1083 2801 1295 2874 tamen‘de·

224 2929 347 3024 flexa,
370 2935 408 3005 in
436 2930 589 3007 diuersis
622 2934 785 3007 dialectis
808 2922 876 3007 vsu
899 2949 1069 3029 recepta,
1094 2927 1188 3003 mira
1209 2957 1295 3003 con·

122 3136 128 3145 ,
227 3061 422 3148 sensione,
449 3059 542 3158 lege
562 3083 709 3155 prorsus
735 3058 866 3133 eadem
892 3076 975 3131 sunt
999 3057 1142 3148 adiecta
1165 3052 1296 3128 radici·

200 3162 294 3260 ¹bus
318 3166 365 3260 ad
394 3187 604 3261 formandas
633 3187 831 3261 verborum
859 3210 1060 3284 personas,
1085 3210 1148 3258 seu
1174 3178 1222 3258 ad
1244 3186 1297 3255 in·
1328 3263 1336 3270 ,

226 3313 423 3386 dicandam
444 3312 721 3397 habitudinum,
744 3332 781 3391 et
801 3331 977 3404 statuum,
1005 3309 1126 3387 verbis
1147 3335 1296 3410 expres,

182 3496 185 3500 .
225 3463 375 3530 ¹sorum,
392 3441 611 3515 relationem
631 3437 677 3515 ad
695 3468 881 3540 personas.
911 3440 1222 3538 Coniugationum
1242 3438 1296 3510 dt.

226 3571 398 3662 uersitas,
431 3596 454 3644 a
476 3574 739 3668 pronominum
774 3577 952 3646 varietate
978 3573 1030 3642 sie
1058 3584 1135 3640 orta
1149 3615 1164 3650 ,
1189 3591 1296 3663 prae·

224 3700 355 3770 'sertim
370 3698 425 3773 'ad
444 3699 583 3774 classes
602 3719 679 3774 tam
698 3696 815 3775 certas
834 3699 1068 3804 iam'reducta
1077 3744 1091 3782 ,
1114 3695 1210 3770 adeo
1221 3700 1296 3767 non

203 3822 341 3899 'officit
369 3826 516 3924 linguae
547 3846 718 3924 nostrae3
755 3845 797 3901 vt
828 3854 911 3902 eam
946 3843 1052 3901 ornet
1087 3827 1234 3923 potius,
1262 3839 1298 3895 et

228 3948 480 4038 commendet.
505 3951 562 4028 Ea
583 3959 734 4053 quidem
754 3960 827 4031 ista
841 3946 1155 4056 ‘coniugationum
1180 3954 1297 4024 varie·

226 4097 307 4157 tate
334 4085 453 4181 minus
481 4101 539 4158 est
567 4086 752 4191 implexa,
790 4111 902 4189 quam
931 4081 1126 4183 Europeae
1151 4079 1299 4183 linguae

228 4214 338 4299 valiae,¹
