2700 4830
118 384 179 465 972
264 364 589 437 urruotoorru
610 365 651 435 Ρ.
668 364 697 430 1.
717 362 838 428 sacr.
850 359 917 428 111.
930 360 1026 483 cpi,
1037 359 1103 428 111.-

120 551 288 623 matione
317 543 433 640 (pag.
456 535 593 639 dod).
633 534 733 608 Nam
758 558 826 624 ea,
852 538 999 645 etiamsi
1019 551 1123 608 reeta
1149 556 1208 608 es·

123 693 180 749 set
209 672 278 745 hac
309 672 558 758 formatione,
583 666 742 763 simplici
766 681 916 754 tamen,
939 681 976 737 et
1001 664 1103 737 nudo
1128 662 1208 735 affi-

123 822 174 877 'xo
194 804 414 902 pronomine
438 824 503 873 suo
527 813 661 881 aneta,
688 800 742 885 el,
766 801 826 886 ot,
850 799 902 869 nil
924 797 1081 895 amplius
1100 796 1212 869 ‘indi-

125 946 246 1020 earet,
276 954 387 1028 quam
417 927 536 1001 solam
570 930 714 1026 agentis
743 924 846 1001 verbi
869 950 1089 1025 personam,
1123 930 1206 998 lau·

129 1044 309 1153 darre,
338 1060 544 1158 tegis-tm
570 1059 713 1152 primae
740 1078 923 1153 personae
954 1058 1212 1154 pronomine„

130 1182 231 1286 quod
261 1189 509 1260 accusatiuum
544 1185 724 1256 indicaret
757 1184 988 1274 inuolutum,
1021 1184 1123 1255 nulla
1152 1186 1207 1255 sui

130 1332 235 1414 parte
258 1318 310 1389 iili
336 1315 527 1405 admixto,
550 1329 595 1389 vt
613 1316 664 1392 sio
683 1313 788 1389 reddi
806 1332 933 1410 posset
941 1370 953 1407 ‚
976 1316 1209 1387 laudas-me-

29 1471 33 1475 ·
132 1459 176 1519 tu
187 1498 202 1537 ,
228 1447 473 1540 tegis-metu.

222 1568 441 1643 Memoraui
465 1566 549 1641 loco
579 1569 713 1643 eodem
741 1568 996 1643 Hebraeorum
1023 1570 1208 1641 rationem

133 1701 357 1797 pronomina
380 1697 551 1788 subiecti,
568 1714 606 1770 et
627 1697 782 1788 obiecti,
803 1724 888 1770 cum
906 1697 1020 1771 verbo
1037 1701 1075 1769 in
1094 1723 1210 1771 vnam

135 1852 292 1900 vocem·
310 1827 607 1930 constringendi,
649 1826 816 1903 adductio
851 1826 1037 1925 exemplis
1065 1830 1210 1921 primae

136 1976 279 2031 tantum
313 1957 504 2055 singularis
533 1978 719 2057 personae
755 1980 837 2028 curn
873 1957 1025 2052 reliquis
1057 1948 1212 2035 duabus,

137 2089 351 2161 Admittunt
368 2080 459 2156 uero
479 2080 638 2185 idipsum
658 2100 695 2159 et
715 2085 810 2158 duae
829 2070 991 2181 reliquae
1004 2109 1086 2157 curn
1110 2088 1223 2176 aliis„

136 2212 175 2287 in
202 2228 360 2309 utroque
391 2235 570 2303 numero,
598 2238 664 2310 per
687 2217 812 2287 omnia
834 2231 1019 2312 tempora.
1067 2211 1215 2287 Eadem

122 2348 281 2429 'tantum
313 2364 472 2436 persona
498 2342 536 2417 iu
568 2367 606 2449 se
638 2367 751 2441 agens
782 2341 820 2416 id
846 2345 988 2419 renuit:
1028 2368 1104 2446 quo
1128 2342 1215 2417 casir

139 2466 333 2546 adhibetur
352 2468 544 2568 singularis
557 2472 661 2546 verbi
683 2475 822 2571 species
835 2525 847 2575 2
862 2491 960 2568 quae
976 2470 1114 2550 reflexa
1123 2520 1140 2556 2
1152 2472 1217 2546 vei

138 2604 325 2701 reciproca
353 2599 424 2672 dici
457 2616 607 2695 posset,
637 2600 881 2694 hithpolrbel:
907 2625 965 2674 ex.
987 2623 1044 2696 gr.
1077 2582 1219 2711 Ἱξξῇῃ

143 2729 487 2833 (hiala-pohied),
523 2750 640 2806 semet
670 2733 854 2830 inspexit;
881 2732 1047 2838 {tid-wit
1083 2726 1104 2835 (
1116 2701 1216 2808 tria.

137 2862 426 2962 pedicari-to),
461 2876 584 2934 *temet
615 2864 830 2959 inspexisti3
865 2856 1046 2969 'QPP'J'J'
1080 2861 1218 2958 (herb

13 2970 24 2977 .
138 2990 410 3091 patrari-ti),
448 3010 588 3066 memet
612 2999 769 3098 inspexi,
814 2994 1029 3068 Cuiusmodi
1056 2997 1216 3097 speciem

140 3121 339 3194 verborum
361 3140 401 3223 Uet
422 3149 488 3195 nos
512 3121 712 3211 habemus,
731 3140 855 3197 natam
881 3120 951 3197 hoe
972 3123 1054 3217 ipso
1077 3120 1220 3194 forma.-

140 3252 245 3340 tiuo,
276 3270 317 3324 vt
336 3254 419 3324 loco
445 3228 512 3324 suo
535 3252 748 3334 euoinetnr:
779 3254 1051 3338 emal-bedun.
1076 3268 1221 3327 memet

141 3379 254 3468 leu03
289 3391 384 3458 emet
398 3358 545 3480 hed-el,
579 3401 694 3463 temet
717 3387 845 3480 leuas3
870 3384 1106 3464 emal-dedii·
1117 3430 1135 3472 ,
1161 3408 1220 3456 se·

42 3570 45 3577 ,
144 3528 223 3584 met
244 3501 357 3586 leuat.
935 3487 937 3495 Ι

15 3652 20 3659 “
124 3730 132 3745 x
243 3640 335 3714 Vsus
355 3642 555 3717 Hebraicus
566 3694 581 3730 ,
601 3648 823 3743 pronomina
843 3641 977 3717 obiecti
997 3639 1137 3730 verbo,
1152 3663 1221 3738 per

144 3795 320 3865 personas
352 3774 419 3845 rite
450 3773 606 3866 inflexo,
636 3769 899 3872 subiungendi,
928 3772 1133 3845 communis
1161 3783 1219 3847 est

51 3906 55 3913 '
146 3890 464 3996 multis‘gentibus
489 3904 599 3974 etiam
627 3885 848 4003 Europaeis.
885 3899 1044 3975 Hebraei
1070 3922 1117 3972 eo
1141 3913 1220 3970 tan·

145 4042 223 4098 tum
252 4026 441 4101 differunt:
460 4030 570 4125 'quod
592 4029 770 4131 loquendi
800 4034 984 4108 celeritate
1007 4057 1050 4105 ea
1074 4045 1112 4100 et
1135 4053 1221 4128 pro·

144 4157 371 4247 uurrciaudo,
403 4174 439 4228 et
472 4160 683 4253 scribendo,
705 4163 870 4237 'iunctim
899 4168 1131 4262 exprimant3
1160 4161 1217 4235 alii

141 4300 235 4383 -ver'o
265 4300 484 4360 connectant
514 4291 664 4384 quidem
691 4293 994 4389 pronunciando,
1025 4317 1101 4366 non
1130 4291 1211 4364 itetr

11 4386 147 4544 ἢ
