2700 4830
99 264 129 317 ³
202 317 266 403 94⁶
301 325 306 336 ⁸
333 272 674 383 suaruouoursu
694 281 780 380 ΡζΙ.
801 303 1110 413 susurremus.
1122 314 1188 406 ur.

180 420 199 459 t
354 441 357 446 ·
960 438 963 444 ι
1212 450 1215 455 ,

201 511 270 560 nos
300 499 445 593 praeter
474 488 662 582 ingentem
692 483 894 559 verborum
918 488 1092 588 copiam,
1123 505 1163 564 et
1184 513 1290 571 raras

161 632 164 639 '
198 618 346 714 linguae
372 630 518 727 nostrae
541 613 806 712 proprietates,
831 620 952 714 ipsam
982 642 1132 716 quoque
1154 599 1299 718 genui-¹

65 776 68 786 ·
184 770 309 834 nam,
325 771 438 817 voces
459 742 694 833 inflectendi,
721 768 765 816 ac
786 736 977 817 deriuandi
999 747 1210 837 rationem,
1225 746 1287 821 ac'·

199 891 347 974 ceptam
367 899 412 946 ex
433 879 515 972 ipso
541 886 611 944 'vsu
631 877 845 957 communi,
859 876 1143 963 consentiente,
1161 898 1286 987 eoque

198 1008 327 1095 auito,
346 988 390 1077 'et
413 1006 687 1105 antiquissimo.
719 1001 886 1101 Contigit
909 1000 1059 1101 quidem
1080 1021 1118 1077 et
1142 1005 1199 1097 his
1211 1014 1226 1096 ᾖ
1242 1024 1286 1081 vt
1307 1002 1311 1009 ’

195 1137 232 1206 in
261 1109 481 1232 quibusdam
514 1138 634 1205 errore
663 1132 796 1210 fuerint
827 1130 947 1231 lapsi3
975 1134 1077 1233 quod
1102 1157 1148 1208 ea
1178 1152 1285 1211 aetas

131 1267 135 1275 “
195 1262 363 1335 nondum
385 1265 548 1362 attigerit
567 1263 744 1335 culturam
761 1262 990 1359 perfectam:
1015 1264 1284 1340 multa-nihilo·

174 1398 316 1476 ,minus
352 1396 508 1490 sparsim
542 1392 589 1467 ab
618 1396 662 1465 iis
698 1392 824 1466 relicta
851 1410 934 1467 sunt
966 1395 1147 1493 vestigia,
1184 1395 1281 1471 clara
1338 1422 1341 1431 ¹

196 1527 374 1612 omnino,
400 1539 438 1594 et
459 1521 688 1603 indubitata3
717 1522 848 1618 quibus
870 1526 902 1596 si
923 1547 1050 1623 presse
1072 1528 1280 1619 insistatur,

195 1652 292 1751 vitro
317 1648 492 1724 tolluntur
515 1666 555 1723 et
579 1651 650 1723 ista
669 1651 760 1723 vitia
783 1649 939 1763 leuiora.

159 1824 169 1835 -
290 1784 398 1858 Hanc
427 1805 498 1882 ego
524 1785 674 1882 linguae
696 1800 844 1857 nostrae
867 1800 1038 1857 aetatem>
1055 1788 1190 1859 merito
1215 1810 1280 1861 au·

88 1926 97 1935 ’
145 1932 149 1943 ’
195 1939 298 1988 ream
322 1937 468 2000 assero,
501 1928 538 1984 et
557 1930 772 2008 argenteam
788 1913 922 2010 squas
949 1912 1042 1985 mihi
1064 1930 1101 1985 et
1128 1902 1282 1989 consue·

196 2042 363 2116 tudinem
387 2039 581 2113 meliorem
598 2043 693 2114 sistit
711 2043 913 2115 manifestis
932 2045 1004 2115 suis
1019 2043 1158 2115 indiciis
1174 2070 1280 2118 com·

195 2175 436 2257 mendatam3
467 2186 503 2242 et
523 2193 674 2244 omnem
698 2172 910 2271 analogiam
935 2189 1034 2265 recte
1056 2173 1188 2265 edocet
1205 2199 1217 2257 ;
1234 2180 1280 2247 'et

149 2336 154 2343 .
196 2299 407 2394 euphoniae
437 2301 599 2374 rationes
630 2296 780 2399 pulchre
814 2301 1003 2397 explicat3
1032 2300 1278 2400 prudentique

195 2420 400 2499 euolutioni
431 2430 709 2527 etymologicae
739 2431 859 2502 lucem
890 2425 1053 2511 affundit,
1073 2416 1279 2525 copiosam.

120 2536 125 2543 ¹
193 2555 253 2630 Ex
288 2578 331 2630 ea
354 2581 550 2653 possumus
579 2561 687 2631 vnice
720 2561 830 2655 patrii
862 2561 1041 2630 sermonis
1077 2530 1278 2654 praecepta

195 2690 324 2761 omnia
351 2690 439 2760 dare
471 2691 687 2767 certissima.
717 2686 858 2758 Aetati
888 2703 1060 2769 nostrae,
1094 2690 1164 2758 etsi
1199 2687 1272 2758 hoo
1328 2784 1335 2796 ἰ

194 2819 347 2919 nomine
365 2814 547 2906 exsultet,
568 2815 605 2885 id
620 2814 770 2913 quidem
784 2818 910 2914 nequit
926 2820 1002 2887 iure
1015 2818 1137 2893 tribui.
1168 2790 1276 2906 Scio,

195 2943 328 3042 quibus
358 2944 506 3033 valeat,
544 2967 661 3040 eaque
693 2948 769 3016 iam
793 2927 903 3044 ‘parte
928 2946 1052 3043 aliqua
1073 2925 1160 3018 satis
1184 2947 1276 3019 indi-

105 3138 109 3147 .
194 3079 300 3162 caui;
329 3097 459 3146 verum
479 3098 525 3146 eo
549 3078 843 3172 quammaxime
859 3074 1000 3164 deficit,
1027 3100 1072 3147 ex
1087 3101 1160 3173 quo
1175 3101 1276 3157 cum,-

5 3196 13 3203 ’
102 3217 109 3224 ’
194 3206 321 3299 primis
344 3205 628 3303 repetenda-est
651 3207 802 3303 insignis
830 3202 922 3278 haec
946 3206 1083 3302 gloria.
1129 3204 1276 3297 Quotus

196 3312 296 3445 enirn
322 3337 477 3432 quisque
495 3352 569 3425 est,
594 3340 679 3432 qui,
705 3360 788 3416 curn
810 3336 1076 3422 multaaudeat
1096 3338 1276 3428 scribere,

198 3463 294 3539 serio
317 3465 462 3538 laboret
483 3492 558 3540 vna
580 3482 617 3537 et
643 3452 755 3564 ipsius
775 3468 924 3565 linguae
944 3467 1277 3565 eruditamcapere

180 3580 479 3700 ¹coguitionem?
505 3597 632 3705 Lpue,
658 3615 695 3670 et
724 3597 949 3694 superfluum
977 3598 1126 3669 videtur
1148 3600 1276 3693 pleris-

155 3769 158 3774 «
196 3748 268 3824 que
300 3725 372 3798 hoc
406 3726 582 3803 studium.
604 3777 607 3783 ·
629 3724 783 3815 Nudae,
809 3741 845 3798 et
872 3748 994 3825 vagae
1020 3727 1277 3799 consuetudini

27 3872 34 3889 ·
150 3891 153 3896 ·
197 3879 236 3929 se
258 3834 508 3936 committunt.
536 3855 586 3928 Et
613 3880 696 3930 cum
723 3869 856 3951 postea
878 3857 929 3928 'ad
950 3853 1064 3927 multa
1082 3852 1276 3927 offendunt

57 3974 63 3991 ⁸
143 3986 233 4079 sin
263 4009 306 4059 ea
338 4008 465 4058 seeum
497 3988 720 4082 pugnantia:
747 3985 928 4060 fluctuant
955 3988 1089 4083 ineptis
1125 3972 1284 4082 argutiis
1323 4044 1326 4049 .

195 4114 268 4191 huc
288 4100 375 4213 illue
397 4114 580 4198 distracti,
607 4117 736 4215 stipsi
757 4115 852 4190 adeo
875 4116 1024 4215 linguae
1043 4130 1186 4210 temere
1210 4114 1276 4188 ob·

7 4242 12 4253 ’
64 4268 69 4278 “
130 4332 135 4341 ,
196 4242 397 4329 luctantum
438 4238 613 4320 Miscent
631 4269 741 4320 vsum
769 4261 912 4321 rectum
937 4268 1021 4318 cum
1049 4243 1275 4344 deprauata:
