2700 4830
207 310 523 450 vrnurcrm'uu
548 340 984 436 sacramussnonarr.
1067 344 1128 456 993'
1248 334 1260 459 J

155 517 300 601 Pudeat
335 523 553 625 Versegium
591 529 780 629 deprauati
821 536 935 605 animi
971 533 1125 626 affectu,

56 644 131 756 quo
153 632 309 732 coecu⁸tit
327 653 375 729 ad
393 639 498 731 veras
516 659 769 754 etymologiae
788 665 971 751 rationes,
993 667 1045 734 ita
1069 688 1126 735 so·
1213 721 1215 725 ,
1296 694 1300 701 ·

55 782 194 859 lumin
212 790 395 859 contraria
419 801 591 889 euntem:
615 802 658 860 vt
677 787 793 878 mihi,
817 791 953 862 tamin
979 789 1034 864 his
1057 809 1128 864 tet·
1210 821 1215 832 ·

53 920 115 987 tiis
137 916 303 1013 personis
327 914 588 1017 singularibus,
609 940 719 1012 quarn
741 890 777 989 in
798 920 877 992 aliis
896 917 1130 991 formationi.
1204 930 1207 935 ’

55 1042 144 1135 bur,
174 1061 210 1115 et
234 1042 547 1130 deriuationibus,
577 1048 792 1130 temerarie,
821 1062 859 1117 et
881 1049 1051 1143 imperite
1072 1047 1128 1125 af·
1171 1072 1173 1076 ·
1203 1124 1205 1145 Ι

53 1173 168 1272 fingat
199 1177 375 1270 garritum
409 1171 487 1245 sine
519 1173 602 1272 lege
635 1179 891 1273 nugatorium
923 1164 1129 1248 literarum-

55 1325 151 1398 que,
182 1317 224 1371 vt
256 1302 348 1376 milti
377 1288 536 1386 incidit,
561 1300 620 1369 vel
646 1299 836 1390 collibuit,
869 1308 1129 1375 commutatio·

52 1423 166 1516 aiem,
184 1444 239 1502 ‘et
267 1408 857 1523 transpositionemliberrimam.
895 1429 1013 1531 Adest
1041 1456 1129 1526 pro.
1214 1428 1227 1457 '⁴

53 1557 154 1631 fecto
184 1534 348 1629 inomni
373 1554 523 1652 lingua,
557 1555 769 1650 cumprimis
798 1556 836 1622 in
851 1540 1129 1646 'orientalibus,

10 1666 14 1671 ’
52 1686 239 1759 literarum
262 1687 512 1782 permutatio,
533 1686 1127 1779 suppressio,assimilatio,con.
1218 1762 1224 1771 .

50 1820 186 1889 cretio:
219 1817 466 1909 omniumque
496 1809 775 1895 mutationum,
810 1838 906 1910 quae
933 1819 970 1886 in
995 1817 1129 1912 linguis

52 1942 283 2030 acciderunt,
312 1940 372 2014 hic
397 1941 476 2013 sita'
493 1956 549 2012 est
572 1962 701 2012 caussa
729 1946 938 2036 praecipua.
971 1943 1131 2018 Seruant

15 2084 19 2097 ¹
53 2056 147 2146 'vero
170 2075 262 2143 istae
288 2073 474 2141 literarum
506 2072 733 2143 mutationes
761 2086 799 2141 et
824 2071 924 2170 leges
952 2097 1034 2167 suas
1052 2075 1130 2145 cla·

53 2222 135 2289 rar,
152 2214 190 2268 et
210 2211 380 2305 apertas:
403 2220 494 2291 quas
511 2219 657 2292 organa
680 2196 857 2272 locutoria
879 2205 1132 2275 rensim'tule·

17 2343 162 2414 ¹stant,
188 2323 722 2420 quaequepereademquam
744 2327 1130 2404 accommodatissime
1252 2336 1255 2343 '
1318 2367 1325 2377 ·

30 2504 34 2515 ι
54 2456 311 2554 explanantur.
340 2451 414 2523 Sed
433 2449 589 2522 facultas
614 2450 827 2524 huiusmodi
849 2456 1035 2549 ingentem
1062 2484 1131 2554 po·

57 2591 126 2660 soit
148 2556 413 2682 erperientiarri
431 2582 613 2679 explorati
636 2605 760 2654 cursus
786 2585 919 2670 totins,
941 2585 1131 2677 quemlin.

55 2738 131 2813 gua
156 2738 236 2787 scae
261 2711 457 2786 efformatis
485 2727 666 2808 perpetuo
695 2713 834 2797 tanain
866 2716 990 2805 poscit
1010 2716 1154 2785 excels
1209 2731 1211 2737 ·
1264 2810 1269 2817 ‚

54 2846 195 2918 lentem
218 2844 351 2927 mentis
371 2839 663 2937 perspicaciam,
693 2856 730 2913 et
749 2863 831 2911 acre
851 2834 1051 2938 iudicium,
1074 2867 1131 2914 re-

55 2990 231 3068 ctumque
264 2971 509 3053 ratiocinium.
548 2969 622 3061 Qui
651 2965 709 3039 his
735 2968 963 3058 destituitur,
1000 2986 1038 3041 et
1073 2988 1131 3045 est

51 3117 245 3200 praeterea
271 3100 396 3172 animo
423 3101 499 3168 iam
529 3111 725 3194 corrupto:
754 3094 825 3169 hoc
852 3095 998 3186 solum,
1025 3098 1129 3192 quod
1207 3161 1210 3165 .
1286 3072 1295 3161 ¹.
1326 3106 1330 3111 ’

56 3227 185 3304 liuoris
212 3244 289 3319 est,
316 3230 421 3302 nouit
452 3251 585 3328 agere3
616 3228 793 3324 obloqui,
814 3228 990 3317 illudere,
1014 3242 1051 3300 et
1069 3238 1129 3300 ca·-

52 3361 238 3438 lumniari.
383 3453 384 3457 Ἰ
558 3406 562 3416 «
649 3464 652 3469 .
790 3395 793 3401 ·

138 3486 179 3554 Β.
316 3482 585 3550 RESPONSVM
606 3482 898 3550 SECVNDVM„

165 3626 310 3702 Verum
333 3629 580 3699 concedamus
603 3626 702 3699 vltro
728 3628 999 3720 comitumue,
1023 3638 1069 3696 vt
1085 3647 1130 3697 ea
1231 3704 1234 3708 ,
1302 3644 1328 3733 ·,

57 3753 240 3850 Versegio
273 3757 406 3850 placet.
445 3751 577 3828 Slauus
616 3759 761 3850 scripsit
788 3754 1000 3828 Funebrem
1032 3751 1128 3826 hunc

58 3884 292 3961 Sermonem.
321 3881 395 3958 Sed
418 3882 489 3981 hpc
513 3903 636 3959 tamen
661 3888 737 3957 iure
759 3860 993 3981 quaerimus,
1015 3898 1128 3956 trans·

58 4016 229 4086 tuleritne
257 4017 328 4101 iste
350 4014 397 4086 de
418 4014 630 4110 linguosus
652 4018 688 4087 in
708 4029 873 4087 nostram
897 3994 949 4085 ati
966 4013 1127 4108 singula·

56 4165 115 4213 res
139 4160 314 4236 personas
340 4139 465 4213 tertias
488 4144 580 4215 hanc
603 4165 759 4251 quoque⁸
775 4142 984 4213 distinctam
1004 4141 1146 4247 termis

54 4273 249 4346 nationem
272 4274 309 4343 iu
333 4270 373 4350 k.
401 4266 443 4344 ld
466 4272 615 4367 quidem
637 4271 757 4345 lacere
779 4271 1000 4372 nonpotuit
1023 4266 1173 4377 ¹Natin'
1248 4266 1251 4271 '
1319 4283 1325 4307 ¹

843 4389 996 4512 Sss'
